%chapter 1

@Article{abecas00,
   Author="Abecasis, G. R. and Cardon, L. R. and Cookson, O. C.",
   Title="A general test of association for quantitative traits in nuclear families",
   Journal="Am J Hum Genet",
   Volume=66,
   Pages="279-292",
   Year=2000}

@Article{allisond97,
   Author="Allison, D. B.",
   Title="Transmission-Disequilibrium Tests for quantitative traits",
   Journal="Am J Hum Genet",
   Volume=60,
   Number=3,
   Pages="676-690",
   Year=1997}

@Article{allison99a,
   Author="Allison, David B. and Heo, Moonseong and Kaplan, Norman and Martin, Eden R.",
   Title="Sibling-based tests of linkage and association for quantitative trait",
   Journal="Am J Hum Genet",
   Volume=64,
   Pages="1754-1764",
   Year=1999}

@Article{amos94,
   Author="Amos, Christopher I.",
   Title="Robust variance-components approach for assessing genetic linkage in pedigrees",
   Journal="Am J Hum Genet",
   Volume=54,
   Pages="535-543",
   Year=1994}

@Article{amos96,
   Author="Amos, C. I.  and Zhu, D. K.  and Boerwinkle, E.",
   Title="Assessing genetic linkage and association with robust components of variance approaches",
   Journal="Ann Hum Genet",
   Volume=60,
   Pages="143-160",
   Year=1996}

@Article{adz01,
   Author="Amos, C. I. and de Andrade, M.  and Zhu, D. K.",
   Title="Comparison of multivariate tests for genetic linkage",
   Journal="Hum Hered",
   Volume=51,
   Pages="133-144",
   Year=2001}

@Article{ade01,
   Author="Amos, Christopher I.  and de Andrade, Mariza",
   Title="Genetic linkage methods for quantitative traits",
   Journal="Stat Meth Med Res",
   Volume=10,
   Pages="3-25",
   Year=2001}

@Article{baum70,
   Author="Baum, L. E. and Petrie, T. and Soules, G. and Weiss, N.",
   Title="A maximization techniques occurring in the statistical analysis of probablistic functions of {M}arkov chains",
   Journal="Ann Math Stat",
   Volume=41,
   Pages="164-171",
   Year=1970}

@Article{baum72,
   Author="Baum, L. E.",
   Title="An inequality and associated maximization technique in statistical estimation for probabilistic functions on {M}arkov processes",
   Journal="Inequalities",
   Volume=3,
   Pages="1-8",
   Year=1972}

@InCollection{baur97,
   Author="Baur, Max P. and Knapp, Michael",
   Title="Association studies in Genet Epidemiol",
   BookTitle="Genetic Mapping of Disease Genes",
   Editor="Pawlowitzki, Ivar-Harry and Edwards, John H. and Thompson, Elizabeth A.",
   Publisher="Acadmic Press",
   Address="London",
   Pages="159-172",
   Year=1997}

@Article{beaty97,
   Author="Beaty, T. H.",
   Title="Evolving methods in Genet Epidemiol: {I}. Analysis of genetic and environmental factors in family studies",
   Journal="Epidemiol Rev",
   Volume=19,
   Pages="14-23",
   Year=1997}

@Article{Blackwelder85,
   Author="Blackwelder, W. C.  and Elston, R. C.",
   Title="A comparison of sib-pair linkage tests for disease susceptibility loci",
   Journal="Genet Epidemiol",
   Volume=2,
   Pages="85-97",
   Year=1985}

@Article{Bonney84,
   Author="Bonney, G. E.",
   Title="On the statistical determination of major gene mechanisms in continuous human traits: regressive models",
   Journal="Am J Med Genet",
   Volume=18,
   Pages="731-749",
   Year=1984}

@Article{Bonney86,
   Author="Bonney, G. E.",
   Title="Regressive logistic models for familial disease and other binary traits",
   Journal="Biometrics",
   Volume=42,
   Pages="611-625",
   Year=1986}

@Article{boehnke94,
   Author="Boehnke, Michael",
   Title="Limits of resolution of genetic linkage studies: implication for the positional cloning of human disease genes",
   Journal="Am J Hum Genet",
   Volume=55,
   Pages="379-390",
   Year=1994}

@Article{boehnke98,
   Author="Boehnke, Michael and Langefeld, Carl D.",
   Title="Genetic association mapping based on discordant sib pairs: the discordant-alleles test",
   Journal="Am J Hum Genet",
   Volume=62,
   Pages="950-961",
   Year=1998}

@Article{borecki94,
   Author="Borecki, I. B. and Province, M. A. and Rao, D. C.",
   Title="Power of segregation analysis for detection of major gene effects on quantitative traits",
   Journal="Genet Epidemiol",
   Volume=11,
   Pages="409-418",
   Year=1994}

@Article{borecki95,
   Author="Borecki, I. B. and Province, M. A. and Rao, D. C.",
   Title="Inferring a major gene for quantitative traits by using segregation analysis with tests on transmission probabilities: how often do we miss ?",
   Journal="Am J Hum Genet",
   Volume=56,
   Pages="319-326",
   Year=1995}

@Article{boyle79,
   Author="Boyle, C. R.  and Elston, R. C.",
   Title="Multifactorial genetic models for quantitative traits in humans",
   Journal="Biometrics",
   Volume=35,
   Pages="55-68",
   Year=1979}

@Article{browan00,
   Author="Broman, Karl W. and Weber, James L.",
   Title="Characterization of Human Crossover Interference",
   Journal="Am J Hum Genet",
   Volume=66,
   Pages="1911-1926",
   Year=2000}

@InCollection{cantor94,
   Author="Cantor, Charles",
   Title="Can computational science keep up with evolving technology for genome mapping and sequences?",
   BookTitle="Computational Methods in Genome Research",
   Editor="Suhai, S\'{a}nder",
   Publisher="Plenum Press",
   Address="New York",
   Pages="1-18",
   Year=1994}

@Article{cervino00,
   Author="Cervnio, A. C. L. and Hill, A. V. S.",
   Title="Comparison of tests for association and linkage in incomplete families",
   Journal="Am J Hum Genet",
   Volume=67,
   Pages="120-132",
   Year=2000}

@Article{clark98,
   Author="Clark, Andrew G. and Weiss, Kenneth M and Nickerson, Deborah A.  and Taylor, Scott L. and Buchanan, Anne  and Steng\r{a}rd, Jari  and Salomaa, Veikko  and Vartiainen, Erkki  and Perola, Markus  and Boerwinkle, Eric  and Sing, Charles F.",
   Title="Haplotype structure and population genetic inferences from nucleotide-sequence variation in human lipoprotein lipase",
   Journal="Am J Hum Genet",
   Volume=63,
   Pages="595-612",
   Year=1998}

@Article{clayton99b,
   Author="Clayton, David",
   Title="A generalization of the transmission/disequilbrium test for uncertain-haplotype transmission",
   Journal="Am J Hum Genet",
   Volume=65,
   Pages="1170-1177",
   Year=1999}

@Article{clayton99,
   Author="Clayton, David and Jones, Hywel",
   Title="Transmission/disequilibrium tests for extended marker haplotypes",
   Journal="Am J Hum Genet",
   Volume=65,
   Pages="1161-1169",
   Year=1999}

@Article{cottingham93,
   Author="Cottingham, Robert W. Jr. and Idury, Ramana M.  and Schaffer, Alejandro A.",
   Title="Faster sequential genetic linkage computations",
   Journal="Am J Hum Genet",
   Volume=53,
   Pages="252-263",
   Year=1993}

@Article{crow00,
   Author="Crow, James F.",
   Title="Two centuries of genetics: a view from halftime",
   Journal="Annual Review of Genomics and Human Genetics",
   Volume=1,
   Pages="21-40",
   Year=2000}

@Article{darvasi98,
   Author="Darvasi, Ariel",
   Title="Experimental strategies for the genetic dissection of complex traits in animal models",
   Journal="Nat Genet",
   Volume=18,
   Pages="19-24",
   Year=1998}

@Article{DelaChapelle93,
   Author="de la Chapelle, A.",
   Title="Disease gene mapping in isolated human populations: the example of Finland",
   Journal="Journal of Medical Genetics",
   Volume=30,
   Pages="857-865",
   Year=1993}

@Article{chapelle98,
   Author="de La Chapelle, Albert and Wright, Fred A.",
   Title="Linkage disequilibrium mapping in isolated populations: the examples of {F}inland revisited",
   Journal="Proc Natl Acad Sci",
   Volume=95,
   Pages="12416-12423",
   Year=1998}

@InCollection{dgw97,
   Author="Davis, Sean and Goldin, Lynn R. and Weeks, Daniel E.",
   Title="Sim{IBD}: a powerful robust nonparametric method for detecting linkage in general pedigrees",
   BookTitle="Genetic Mapping of Disease Genes",
   Editor="Pawlowitziki, Ivar-Harry and Edwards, John H. and Thompson, Elizabeth A.",
   Publisher="Academic Press",
   Address="London",
   Pages="189-204",
   Year=1997}

@Article{devlin99,
   Author="Devlin, B. and Roeder, Kathryn",
   Title="Genomic control for association studies",
   Journal="Biometrics",
   Volume=55,
   Pages="997-1004",
   Year=1999}

@Article{Doerge97,
   Author="Doerge, R. W.  and Zeng, Z-B.  and Weir, B.S.",
   Title="Statistical issues in the search for genes affecting quantitative traits in experimental populations",
   Journal="Statistical Science",
   Volume=12,
   Number=3,
   Pages="195-219",
   Year=1997}

@Article{dudoit00,
   Author="Dudoit, Sandrine and Speed, Terence P.",
   Title="A score test for the linkage analysis of qualitative and quantitative traits based on identity by descent data from sib-pairs",
   Journal="Biostatistics",
   Volume=1,
   Pages="1-26",
   Year=2000}

@Article{dupuis00,
   Author="Dupuis, Jos\'{e}e and van Eerdewegh, Paul",
   Title="Multipoint linkage analysis of the pseudoautosomal regions, using affected sibling pairs",
   Journal="Am J Hum Genet",
   Volume=67,
   Pages="462-475",
   Year=2000}

@Article{ej70,
   Author="Elandt-Johnson, R. C.",
   Title="Segregation analysis for complex modes of inheritance",
   Journal="Am J Hum Genet",
   Volume=22,
   Pages="129-144",
   Year=1970}

@Book{elandt-johnson71,
   Author="Elandt-Johnson, R. C.",
   Title="Probability Models and Statistical Methods in Genetics",
   Publisher="John Wiley \& Sons, Inc.",
   Year=1971}

@Article{elston71,
   Author="Elston, R. C.  and Stewart, J.",
   Title="A general model for the genetic analysis of pedigree data",
   Journal="Hum Hered",
   Volume=21,
   Pages="523-542",
   Year=1971}

@InCollection{elston80,
   Author="Elston, Robert C.",
   Title="segregation analysis",
   BookTitle="Current Developments in Anthropological Genetics",
   Editor="Mielke, J. H. and Crawford, M. H.",
   Publisher="Plenum Press",
   Address="New York",
   Volume={I.},
   Pages="327-354",
   Year=1980}

@Article{elston00b,
   Author="Elston, Robert C.",
   Title="Introduction and overview",
   Journal="Stat Meth Med Res",
   Volume=9,
   Pages="527-541",
   Year=2000}

@Article{elston00,
   Author="Elston, Robert  C. and Buxbaum, Sarah and Jacobs, Kevin B. and Olson, Jane M.",
   Title="Haseman and Elston Revisited",
   Journal="Genet Epidemiol",
   Volume=19,
   Pages="1-17",
   Year=2000}

@InCollection{ewens91,
   Author="Ewens, W. J.",
   Title="Ascertainment bias and their resolution in biological surveys",
   BookTitle="Handbook of Statistics",
   Editor="Rao, C. R. and Chakraborty, R.",
   Publisher="Elsevier Science Publisher",
   Volume=8,
   Pages="29-61",
   Year=1991}

@Article{ek99,
   Author="Eyre-Walker, A. and Keightley, P. D.",
   Title="High genomic deleterious mutation rates in hominids",
   Journal="Nature",
   Volume=397,
   Pages="344-347",
   Year=1999}

@Article{fulker95,
   Author="Fulker, D. W.  and Cherny, S. S.  and Cardon, L. R.",
   Title="Multipoint interval mapping of quantitative trait loci, using sib pairs",
   Journal="Am J Hum Genet",
   Volume=56,
   Pages="1224-1233",
   Year=1995}

@Article{fulker96,
   Author="Fulker, D. W. and Cherny, S. S.",
   Title="An improved multipoint sib-pair analysis of quantitative traits",
   Journal="Behav Genet",
   Volume=26,
   Pages="527-532",
   Year=1996}

@Article{fulker99,
   Author="Fulker, D. W. and Cherny, S. S. and Sham, P. C. and Hewitt, J. K.",
   Title="Combined linkage and association sib-pair analysis for quantitative traits",
   Journal="Am J Hum Genet",
   Volume=64,
   Number=1,
   Pages="259-267",
   Year=1999}

@Article{goldgar90,
   Author="Goldgar, D. E.",
   Title="Multipoint analysis of human quantitative genetic variation",
   Journal="Am J Hum Genet",
   Volume=47,
   Pages="957-967",
   Year=1990}

@Article{goldgar92,
   Author="Goldgar, D. E.  and Oniki, R. O.",
   Title="Comparison of a multipoint identity by descent method with parametric multipoint linkage analysis for mapping quantitative traits",
   Journal="Am J Hum Genet",
   Volume=50,
   Pages="598-606",
   Year=1992}

@Article{graham98,
   Author="Graham, Jinko and Thompson, Elizabeth A.",
   Title="Disequilibrium likelihoods for fine-scale mapping of a rare allele",
   Journal="Am J Hum Genet",
   Volume=63,
   Pages="1517-1530",
   Year=1998}

@Article{graham00b,
   Author="Graham, Jinko and Thompson, Elizabeth A.",
   Title="A coalescent model of ancestry for a rare allele",
   Journal="Genetics",
   Volume=156,
   Pages="375-384",
   Year=2000}

@Article{gudbjartsson00,
   Author="Gudbjartsson, Daniel F. and Jonasson, Kristjan and Frigge, Michael L. and Kong, Augustine",
   Title="Allegro, a new computer program for multipoint linkage analysis",
   Journal="Nat Genet",
   Volume=25,
   Pages="12-13",
   Year=2000}

@Article{guo92a,
   Author="Guo, Sun-Wei and Thompson, Elizabeth A.",
   Title="A {M}onte {C}arlo method for combined segregation and linkage analysis",
   Journal="Am J Hum Genet",
   Volume=51,
   Pages="1111-1126",
   Year=1992}

@Article{guo2000a,
   Author="Guo, Sun-Wei",
   Title="Genetic mapping of complex traits: promises, problems, and prospects",
   Journal="Theor Popul Biol",
   Volume=57,
   Pages="1-11",
   Year=2000}

@Article{haldane47,
   Author="Haldane, J. B. S. and Smith, C. A. B.",
   Title="A new estimate of the linkage between genes for haemophilia and colour-blindness in man",
   Journal="Annals of  Eugenics",
   Volume=14,
   Pages="10-31",
   Year=1947}

@Book{hartl97,
   Author="Hartl, Daniel L. and Clark, Andrew G.",
   Title="Principles of Population Genetics",
   Publisher="Sinauer Associates, Inc",
   Address="Sunderland, Massachusetts",
   Edition="Third",
   Year=1997}

@book{hartl00,
   Author = {Hartl, Daniel L.},
   Title = {A primer of Population Genetics},
   Publisher = {Sinauer Associates, Inc.},
   Address = {Sunderland, Massachusetts},
   Edition = {Third},
   Year = {2000}}

@Article{haseman72,
   Author="Haseman, J. K.  and Elston, R. C.",
   Title="The investigation of linkage between a quantitative trait and a marker locus",
   Journal="Behav Genet",
   Volume=2,
   Number=1,
   Pages="3-19",
   Year=1972}

@Misc{hasstedt94,
   Author="Hasstedt, Sandra J.",
   Title="Pedigree Analysis Package, {U}niversity of {U}tah",
   Year=1994}

@Article{hasstedt97,
   Author="Hasstedt, Sandra J.  and Hoffman, Michael  and Leppert, Mark F.  and Elbein, Steven C.",
   Title="Recessive inheritance of obesity in familial non-insulin-dependent diabetes mellitus, and lack of linkage to nine candidate genes",
   Journal="Am J Hum Genet",
   Volume=61,
   Pages="668-677",
   Year=1997}

@Article{hauser96,
   Author="Hauser, Elizabeth R.  and Boehnke, Michael  and Guo, Sun-Wei  and Risch, Neil",
   Title="Affected-sib-pair interval mapping and exclusion for complex genetic traits: sampling considerations",
   Journal="Genet Epidemiol",
   Volume=13,
   Pages="117-137",
   Year=1996}

@Article{hauser98,
   Author="Hauser, Elizabeth R. and Boehnke, Michael",
   Title="Genetic linkage analysis of complex genetic traits by using affected sibling pairs",
   Journal="Biometrics",
   Volume=54,
   Pages="1238-1246",
   Year=1998}

@Article{heath97,
   Author="Heath, Simon C.",
   Title="Markov chain {M}onte {C}arlo segregation and linkage analysis for oligogenic models",
   Journal="Am J Hum Genet",
   Volume=61,
   Pages="748-760",
   Year=1997}

@Article{hcb01,
   Author="Hogenesch, John B.  and Ching, Keith A.  and Batalov, Serge  and Su, Andrew I.  and Walker, John R.  and Zhou, Yingyao  and Kay, Steve A.  and Schultz, Peter G.  and Cooke, Michael P.",
   Title="A comparison of the {C}elera and {E}nsembl predicted gene sets reveals little overlap in novel genes",
   Journal="Cell",
   Volume=106,
   Pages="413-415",
   Year=2001}

@Article{Holmans93,
   Author="Holmans, P.",
   Title="Asymptotic properties of affected-sib-pair linkage analysis",
   Journal="Am J Hum Genet",
   Volume=52,
   Pages="362-374",
   Year=1993}

@Article{hopper82,
   Author="Hopper, J. L. and Mathews, J. D.",
   Title="Extensions to multivariate normal models for pedigree analysis",
   Journal="Ann Hum Genet",
   Volume=46,
   Pages="373-383",
   Year=1982}

@Article{horvath98,
   Author="Horvath, Steve and Laird, Nan M.",
   Title="A discordant-sibship test for disequilibrium and linkage: no need for parental data",
   Journal="Am J Hum Genet",
   Volume=63,
   Pages="1886-1897",
   Year=1998}

@Article{idury97,
   Author="Idury, Ramana M. and Elston, Robert C.",
   Title="A faster and more general hidden {M}arkov model algorithms for multipoint likelihood calculations",
   Journal="Hum Hered",
   Volume=47,
   Pages="197-202",
   Year=1997}

@Book{jacquard74,
   Author="Jacquard, A.",
   Title="The Genetic Structure of Populations",
   Publisher="Springer-Verlag",
   Address="New York",
   Year=1974}

@Article{kaplanhillweir95,
   Author="Kaplan, N. L.  and Hill, W. G.  and Weir, B. S.",
   Title="Likelihood methods for locating disease genes in nonequilibrium populations",
   Journal="Am J Hum Genet",
   Volume=56,
   Pages="18-32",
   Year=1995}

@Article{kaplan97,
   Author="Kaplan, N. L. and Martin, E. R. and Weir, B. S.",
   Title="Power studies for the transmission/disequilibrium tests with multiple alleles",
   Journal="Am J Hum Genet",
   Volume=60,
   Number=3,
   Pages="691-702",
   Year=1997}

@Book{khoury93,
   Author="Khoury, M. J. and Beaty, T. H. and Cohn, B. H.",
   Title="Fundamentals of Genetic Epidemiology",
   Publisher="Oxford University Press",
   Year=1993}

@Article{knapp95,
   Author="Knapp, Michael  and Wassmer, Gernot  and Baur, Max P.",
   Title="The relative efficiency of the Hardy-Weinberg Equilibrium-likelihood and the conditional on parental genotype-likelihood methods for candidate-gene association studies",
   Journal="Am J Hum Genet",
   Volume=57,
   Pages="1476-1485",
   Year=1995}

@Article{knapp99b,
   Author="Knapp, Michael",
   Title="The transmission/disequilibrium test and parental-genotype reconstruction: the reconstruction-combined transmission/disequilibrium test",
   Journal="Am J Hum Genet",
   Volume=64,
   Pages="861-870",
   Year=1999}

@Article{knapp99a,
   Author="Knapp, Michael",
   Title="A note on power approximations for the transmission/disequilibrium test",
   Journal="Am J Hum Genet",
   Volume=64,
   Pages="1177-1185",
   Year=1999}

@Article{kong93,
   Author="Kong, Augustine and Cox, Nancy and Frigge, Mike and Irwin, Mark",
   Title="Sequential Imputation and multipoint linkage analysis",
   Journal="Genet Epidemiol",
   Volume=10,
   Pages="483-488",
   Year=1993}

@Article{kong97,
   Author="Kong, Augustine  and Cox, Nancy J.",
   Title="Allele-sharing models: LOD scores and accurate linkage tests",
   Journal="Am J Hum Genet",
   Volume=61,
   Pages="1179-1188",
   Year=1997}

@Article{konigsberg89,
   Author="Konigsberg, L. W. and Kammerer, C. M. and MacCluer, J. W.",
   Title="Segregation analysis of quantitative traits in nuclear families: comparison of three program packages",
   Journal="Genet Epidemiol",
   Volume=6,
   Pages="713-726",
   Year=1989}

@Article{kruglyak96,
   Author="Kruglyak, Leonid  and Daly, Mark J.  and Reeve-Daly, Mary Pat  and Lander, Eric S.",
   Title="Parametric and Nonparametric linkage analysis: a unified multipoint approach",
   Journal="Am J Hum Genet",
   Volume=58,
   Pages="1347-1363",
   Year=1996}

@Article{kruglyak98b,
   Author="Kruglyak, Leonid and Lander, Eric S.",
   Title="Faster multipoint linkage analysis using {F}ourier transforms",
   Journal="J Comp Biol",
   Volume=5,
   Pages="1-7",
   Year=1998}

@Article{lalouel81,
   Author="Lalouel, J. M.  and Morton, N. E.",
   Title="Complex Segregation analysis with pointers",
   Journal="Hum Hered",
   Volume=31,
   Pages="312-321",
   Year=1981}

@Article{landerbotstein87,
   Author="Lander, E. S. and Botstein, D.",
   Title="Homozygosity mapping: a way to map human recessive traits with the {DNA} of inbred children",
   Journal="Science",
   Volume=236,
   Pages="1567-1570",
   Year=1987}

@Article{landergreen87b,
   Author="Lander, E. S.  and Green, P.",
   Title="Construction of multilocus genetic maps in humans",
   Journal="Proceedings of the National Academy of Sciences USA",
   Volume=84,
   Pages="2363-2367",
   Year=1987}

@Article{lander94,
   Author="Lander, ES and Schork, NJ",
   Title="Genetic dissection of complex traits",
   Journal="Science",
   Volume=265,
   Pages="2037-48",
   Year=1994}

@Article{lk95,
   Author="Lander, E.  and Kruglyak, L.",
   Title="Genetic dissection of complex traits: guidelines for interpreting and reporting linkage results",
   Journal="Nat Genet",
   Volume=11,
   Pages="241-247",
   Year=1995}

@InCollection{lander95,
   Author="Lander, Eric S.",
   Title="Mapping heredity: using probabilistic models and algorithms to map genes and genomes",
   BookTitle="Calculating the Secrets of Life",
   Editor="Lander, Eric S. and Waterman, Michael S.",
   Publisher="National Academy Press",
   Address="Washington",
   Pages="25-55",
   Year=1995}

@Book{lw95,
   Author="Lander, Eric S. and Waterman, Michael S.",
   Title="Calculating the Secretes of Life",
   Publisher="National Academy Press",
   Address="Washington",
   Year=1995}

@Article{lange75,
   Author="Lange, K.  and Elston, R. C.",
   Title="Extensions to pedigree analysis. {I}. Likelihood calculations for simple and complex pedigrees",
   Journal="Hum Hered",
   Volume=25,
   Pages="95-105",
   Year=1975}

@Article{Lange88,
   Author="Lange, K.  and Weeks, D. E.  and Boehnke, M.",
   Title="Programs for Pedigree Analysis: {MENDEL}, {FISHER}, {dGENE}",
   Journal="Genet Epidemiol",
   Volume=5,
   Pages="471-72",
   Year=1988}

@Article{lange91,
   Author="Lange, K   and Sobel, E",
   Title="A random walk method for computing genetic location scores",
   Journal="Am J Hum Genet",
   Volume=49,
   Pages="1320-1334",
   Year=1991}

@Book{lange97,
   Author="Lange, Kenneth",
   Title="Mathematical and Statistical Methods for Genetic Analysis",
   Publisher="Springer-Verlage",
   Address="New York",
   Series="Statistics for Biology and Health",
   Year=1997}

@InProceedings{Lathroplaloueljulierott84,
   Author="Lathrop, G. M.  and Lalouel, J. M.  and Julier, C.  and Ott, J.",
   Title="Strategies for multilocus linkage analysis in humans",
   BookTitle="Proceedings of the National Academy of Science USA",
   Volume=81,
   Pages="3443-3446",
   Year=1984}

@Article{lazzeronilange98,
   Author="Lazzeroni, L. C. and Lange, K.",
   Title="A conditional inference framework for extending the tranmission/disequilibrium test",
   Journal="Hum Hered",
   Volume=48,
   Pages="67-81",
   Year=1998}

@Article{lazzeronilaura98,
   Author="Lazzeroni, Laura C.",
   Title="Linkage disequilibrium and gene mapping: an empirical least-squares approach",
   Journal="Am J Hum Genet",
   Volume=62,
   Pages="159-170",
   Year=1998}

@Article{lazzeroni01,
   Author="Lazzeroni, Laura C",
   Title="A chronology of fine-scale gene mapping by linkage disequilibrium",
   Journal="Stat Meth Med Res",
   Volume=10,
   Pages="57-76",
   Year=2001}

@Article{lee00,
   Author="Lee, Jae K. and Thomas, Duncan C.",
   Title="Performance of {M}arkov Chain {M}onte {C}arlo approaches for mapping genes in oligogenic models with an unknown number of loci",
   Journal="Am J Hum Genet",
   Volume=67,
   Pages="1232-1250",
   Year=2000}

@InCollection{lin96,
   Author="Lin, Shili",
   Title="Monte {C}arlo methods in genetic analysis",
   BookTitle="Genetic Mapping and {DNA} Sequencing",
   Editor="Speed, Terry and Waterman, Michael S.",
   Series="The IMA Volumes in Mathematics and its Applications",
   Publisher="Springer",
   Pages="15-38",
   Year=1996}

@Article{lcb01,
   Author="Liang, K.-Y. and Chiu, Y.-F and Beaty, T.H",
   Title="A robust identity-by-descent procedure using affected sib pairs: multipoint mapping for complex diseases",
   Journal="Hum Hered",
   Volume=51,
   Pages="64-78",
   Year=2001}

@Article{lwdw00,
   Author="Lindblad-Toh, Kerstin and Winchester, Ellen  and Daly, Mark J. and Wang, David G.  and Hirschhorn, Joel N.  and Laviolette, Jean-Philippe and Ardlie, Kristin and Reich, David E. and Robinson, Elizabeth and Sklar, Pamela and Shah, Nila and Thomas, Daryl and Fan, Jian-Bing and Gingeras, Thomas   and Warrington, Janet  and Patil, Nila  and Thomas, J. Hudson and Lander, Eric S.",
   Title="Large-scale discovery and genotyping of single-nucleotide polymorphisms in the mouse",
   Journal="Nat Genet",
   Volume=24,
   Pages="381-386",
   Year=2000}

@Article{long99,
   Author="Long, A. D. and Langley, Charles H.",
   Title="The power of association studies to detect the contribution of candidate genetic loci to variation in complex traits",
   Journal="Genome Res",
   Volume=9,
   Pages="720-731",
   Year=1999}

@Article{mmey76,
   Author="MacLean, C. J. and Morton, N. E. and Elston, R. C.  and Yee, S.",
   Title="Skewness in commingled distributions",
   Journal="Biometrics",
   Volume=32,
   Pages="695-699",
   Year=1976}

@Article{maclean00,
   Author="MacLean, Charles J. and Martin, Rory B. and Sham, Pak C. and Wang, Huan and Straub, Richard E. and Kendler, Kenneth S.",
   Title="The Trimmed-haplotype test for linkage disequilibrium",
   Journal="Am J Hum Genet",
   Volume=66,
   Pages="1062-1075",
   Year=2000}

@Article{martin00,
   Author="Martin, Eden R. and Monks, Stephanie A. and Warren, Liling L. and Kaplan, Norman L.",
   Title="A test for linkage and association in general pedigrees: the pedigree disequilibrium test",
   Journal="Am J Hum Genet",
   Volume=67,
   Pages="146-154",
   Year=2000}

@Article{mckeigue97,
   Author="Mckeigue, P. M.",
   Title="Mapping genes underlying ethnic differences in disease risk by linkage disequilibrium in recently admixed populations",
   Journal="Am J Hum Genet",
   Volume=60,
   Pages="188-196",
   Year=1997}

@Article{ms99,
   Author="McPeek, Mary Sara and Strahs, Andrew",
   Title="Assessment of linkage disequilibrium by the decay of haplotype sharing, with application to fine-scale genetic mapping",
   Journal="Am J Hum Genet",
   Volume=65,
   Pages="858-875",
   Year=1999}

@Article{mk00,
   Author="Monks, A. A. and Kaplan, N. L.",
   Title="Removing the sampling restrictions from family-basd tests of association for a quantitative trait locus",
   Journal="Am J Hum Genet",
   Volume=66,
   Pages="576-592",
   Year=2000}

@Article{mn00,
   Author="Moore, Karen J. and Nagle, Deborah L.",
   Title="Ccomplex trait analysis in the mouse: the strengths, the limitations and the promise yet to come",
   Journal="Ann Rev Genet",
   Volume=34,
   Pages="653-686",
   Year=2000}

@Article{morris00,
   Author="Morris, Andrew P. and Whittaker, John C. and Balding, David J.",
   Title="Bayesian fine-scale mapping of disease loci, by hidden {M}arkov models",
   Journal="Am J Hum Genet",
   Volume=67,
   Pages="155-169",
   Year=2000}

@Article{Morton55,
   Author="Morton, N. E.",
   Title="Sequential tests for the detection of linkage",
   Journal="Am J Hum Genet",
   Volume=7,
   Pages="277-318",
   Year=1955}

@Article{mortonmaclean,
   Author="Morton, N. E.  and MacLean, C. J.",
   Title="Analysis of family resemblance. {III}. {C}omplex segregation of quantitative traits",
   Journal="Am J Hum Genet",
   Volume=26,
   Pages="489-503",
   Year=1974}

@Book{morton83,
   Author="Morton, N. E. and Rao, D. C. and Lalouel, J. M.",
   Title="Methods in Genetic Epidemiolgy",
   Publisher="Karger",
   Year=1983}

@Article{morton98b,
   Author="Morton, N. E. and Collins, A.",
   Title="Tests and estimates of allelic association in complex inheritance",
   Journal="Proc Natl Acad Sci",
   Volume=95,
   Pages="11389-11393",
   Year=1998}

@Article{morton00,
   Author="Morton, Newton E.",
   Title="Unsolved problems in Genet Epidemiol",
   Journal="Hum Hered",
   Volume=50,
   Pages="5-13",
   Year=2000}

@Article{nevalinna80,
   Author="Nevanlinna, H. R.",
   Title="Genetic markers in {Finland}.",
   Journal="Haematologia",
   Volume=13,
   Pages="65-74",
   Year=1980}

@Article{nyholt00,
   Author="Nyholt, Dale R.",
   Title="All {LOD}s are not create equal",
   Journal="Am J Hum Genet",
   Volume=67,
   Pages="282-288",
   Year=2000}

@Article{olson99,
   Author="Olson, J. M. and Witte, J. S. and Elston, R. C.",
   Title="Genetic mapping of complex traits",
   Journal="Stat Med",
   Volume=18,
   Pages="2961-2981",
   Year=1999}

@Article{Ott74,
   Author="Ott, J.",
   Title="Estimation of the recombination fraction in human pedigrees: Efficient computation of the likelihood for human linkage studies",
   Journal="Am J Hum Genet",
   Volume=26,
   Pages="588-597",
   Year=1974}

@Book{ott99,
   Author="Ott, Jurg",
   Title="Analysis  of Human Genetic Linkage",
   Publisher="The Johns Hopkins University Press",
   Address="Baltimore and London",
   Edition="Third",
   Year=1999}

@Book{pawlowitzki97,
   Author="Pawlowitziki, Ivar-Harry and Edwards, John H. and Thompson, Elizabeth A.",
   Title="Genetic Mapping of Disease Genes",
   Publisher="Academic Press",
   Address="London",
   Year=1997}

@Article{Penrose35,
   Author="Penrose, L. S.",
   Title="The detection of autosomal linkage in data which consist of pairs of brothers and sisters of unspecified parentage",
   Journal="Annals of Eugenics",
   Volume=6,
   Pages="133-138",
   Year=1935}

@Article{pratt00,
   Author="Pratt, Stephen C. and Daly, Mark J. and Kruglyak, Leonid",
   Title="Exact multipoint quantitative-trait linkage analysis in pedigrees by variance components",
   Journal="Am J Hum Genet",
   Volume=66,
   Pages="1153-1157",
   Year=2000}

@Article{pritchard99,
   Author="Pritchard, Jonathan K. and Rosenberg, Noah A.",
   Title="Use of unlinked genetic markers to detect population stratification in association studies",
   Journal="Am J Hum Genet",
   Volume=65,
   Pages="220-228",
   Year=1999}

@Article{pritch00,
   Author="Pritchard, Jonathan K. and Stephens, Matthew and Rosenberg, Noah A. and Donnelly, Peter",
   Title="Association mapping in structural populations",
   Journal="Am J Hum Genet",
   Volume=67,
   Pages="170-181",
   Year=2000}

@Article{pp01,
   Author="Pritchard, Jonathan K. and Przeworski, Molly",
   Title="Linkage disequilibrium in humans: models and data",
   Journal="Am J Hum Genet",
   Volume=69,
   Pages="1-14",
   Year=2001}

@Article{Rabinowitz97,
   Author="Rabinowitz, Daniel",
   Title="A transmission disequilibrium test for quantitative trait loci",
   Journal="Hum Hered",
   Volume=47,
   Pages="342-350",
   Year=1997}

@Article{Rannala98,
   Author="Rannala, Bruce and Slatkin, Montgomery",
   Title="Likelihood analysis of disequilibrium mapping, and related problems",
   Journal="Am J Hum Genet",
   Volume=62,
   Pages="459-473",
   Year=1998}

@Article{re71,
   Author="Rao, D. C. and Elandt-Johnson, R. C.",
   Title="Complex segregation analysis",
   Journal="Am J Hum Genet",
   Volume=23,
   Pages="325-326",
   Year=1971}

@Article{risch90i,
   Author="Risch, N",
   Title="Linkage strategies for genetically complex traits: {I}. Multilocus models",
   Journal="Am J Hum Genet",
   Volume=46,
   Pages="222-8",
   Year=1990}

@Article{Risch90ii,
   Author="Risch, N.",
   Title="Linkage strategies for genetically complex traits. {II}.{T}he power of affected relative pairs",
   Journal="Am J Hum Genet",
   Volume=46,
   Pages="229-241",
   Year=1990}

@Article{Risch90iii,
   Author="Risch, N.",
   Title="Linkage strategies for genetically complex traits. {III}. {T}he effect of marker polymorphism on analysis of affected relative pairs",
   Journal="Am J Hum Genet",
   Volume=46,
   Pages="242-253",
   Year=1990}

@Article{rischzhang95,
   Author="Risch, Neil  and Zhang, Heping",
   Title="Extreme discordant sib pairs for mapping quantitative trait loci in humans",
   Journal="Science",
   Volume=268,
   Pages="1584-1589",
   Year=1995}

@Article{risch00,
   Author="Risch, Neil J.",
   Title="Searching for genetic determinants in the new millennium",
   Journal="Nature",
   Volume=405,
   Pages="847-856",
   Year=2000}

@InCollection{Sandkuijl89,
   Author="Sandkuijl, L. A.",
   Title="Analysis of affected sib-pairs using information from extended families",
   BookTitle="Multipoint mapping and linkage based upon affected pedigree members: Genetic Analysis Workshop 6",
   Publisher="Alan R Liss",
   Address="New York",
   Year=1989}

@Article{Schaid96,
   Author="Schaid, D. J.",
   Title="General score tests for association of genetic markers with disease using cases and their parents",
   Journal="Genet Epidemiol",
   Volume=13,
   Pages="423-449",
   Year=1996}

@Article{Schaid93,
   Author="Schaid, D. J.  and Sommer, S. S.",
   Title="Genotype relative risks: methods for design and analysis of candidate-gene association studies",
   Journal="Am J Hum Genet",
   Volume=53,
   Pages="1114-1126",
   Year=1993}

@Article{shork93,
   Author="Schork, Nicholas J.",
   Title="Extended multipoint identity-by-descent analysis of human quantitative traits: efficiency, power, and modeling considerations",
   Journal="Am J Hum Genet",
   Volume=55,
   Pages="1306-1319",
   Year=1993}

@Article{schork98,
   Author="Schork, Nicholas J. and Cardon, Lon R. and Xu, Xiping",
   Title="The future of Genet Epidemiol",
   Journal="Trends in Genetics",
   Volume=14,
   Number=7,
   Pages="266-272",
   Year=1998}

@Article{swf01,
   Author="Sengul, Haydar  and Weeks, Daniel E.  and Feingold, Eleanor",
   Title="A survey of affected-sibship statistics for nonparametric linkage analysis",
   Journal="Am J Hum Genet",
   Volume=69,
   Pages="179-190",
   Year=2001}

@Article{sham95b,
   Author="Sham, P. C. and Curtis, D.",
   Title="Monte {C}arlo tests for associations between disease and alleles at highly polymorphic loci",
   Journal="Ann Hum Genet",
   Volume=59,
   Pages="97-105",
   Year=1995}

@Book{sham98b,
   Author="Sham, P. C.",
   Title="Statistics in Human Genetics",
   Publisher="Edward Arnold",
   Address="London",
   Series="Arnold Applications of Statistics Series",
   Year=1998}

@Article{sham00a,
   Author="Sham, P. C. and Cherny, S. S. and Purcell, S. and Hewitt, J. K.",
   Title="Power of linkage versus association analysis of quantitative traits, by use of variance-components models, for sibship data",
   Journal="Am J Hum Genet",
   Volume=66,
   Pages="1616-1630",
   Year=2000}

@Article{smith53,
   Author="Smith, C. A. B.",
   Title="Detection of linkage in human genetics",
   Journal="J Roy Stat Soc B",
   Volume=15,
   Pages="153-192",
   Year=1953}

@Book{speed96,
   Author="Speed, Terry and Waterman, Michael S.",
   Title="Genetic Mapping and {DNA} Sequencing",
   Publisher="Springer",
   Volume=81,
   Series="The IMA Volumes in Mathmatics and its Applications",
   Year=1996}

@InCollection{sw96,
   Author="Speed, T. P.",
   Title="What is a genetic map function ?",
   BookTitle="Genetic Mapping and {DNA} Sequencing",
   Editor="Speed, T. P. and Waterman, M. S.",
   Series="The {IMA} Volumes in Mathematics and its Applications",
   Publisher="Springer",
   Volume=81,
   Pages="65-88",
   Year=1996}

@Article{Spielman93,
   Author="Spielman, R. S.  and McGinnis, R. E.  and Ewens, W. J.",
   Title="Transmission test for linkage disequilibrium: the insulin gene region and insulin-dependent diabetes mellitus (IDDM)",
   Journal="Am J Hum Genet",
   Volume=52,
   Pages="506-516",
   Year=1993}

@Article{spielman98,
   Author="Spielman, Richard S.  and Ewens, Warren J.",
   Title="A sibship test for linkage in the presence of association: the sib transmission/disequilibrium test",
   Journal="Am J Hum Genet",
   Volume=62,
   Pages="450-458",
   Year=1998}

@Article{strauch00,
   Author="Strauch, Konstantin and Fimmers, Rolf and Kurz, Thorsten and Deichmann, Klaus A. and Wienker, Thomas F. and Baur, Max P.",
   Title="Parametric and nonparametric multipoint linkage analysis with imprinting ant two-locus-trait models: applications to mite sensitization",
   Journal="Am J Hum Genet",
   Volume=66,
   Pages="1945-1957",
   Year=2000}

@Article{Suarez78,
   Author="Suarez, B. K.  and Rice, J. P.  and Reich, T.",
   Title="The generalised sib-pair {IBD} distribution: Its use in the detection of linkage",
   Journal="Ann Hum Genet",
   Volume=42,
   Pages="87-94",
   Year=1978}

@Article{teng98,
   Author="Teng, J. and Siegmund, D.",
   Title="Multipoint linkage analysis using affected relative pairs and partially informative markers",
   Journal="Biometrics",
   Volume=54,
   Pages="1247-1265",
   Year=1998}

@Article{Terwilliger95,
   Author="Terwilliger, J. D.",
   Title="A powerful likelihood method for the analysis of linkage disequilibrium between trait loci and one or more polymorphic marker loci",
   Journal="Am J Hum Genet",
   Volume=56,
   Pages="777-787",
   Year=1995}

@Article{terwilliger00,
   Author={Terwilliger, Joseph D. and Go\"{o}ring, Harald H. H.},
   Title="Gene mapping in the 21st centuries: statistical methods, data analysis, and experimental design",
   Journal="Human Biology",
   Volume=72,
   Pages="63-132",
   Year=2000}

@Article{tc92,
   Author="Thomas, D. C. and Cortessis, V.",
   Title="A {G}ibbs sampling approach to linkage analysis",
   Journal="Hum Hered",
   Volume=42,
   Pages="63-76",
   Year=1992}

@Article{thompson95a,
   Author="Thomson, Glenys",
   Title="Analysis of complex human genetic traits: an ordered-notation method and new tests for mode of inheritance",
   Journal="Am J Hum Genet",
   Volume=57,
   Pages="474-486",
   Year=1995}

@Article{Thomson95b,
   Author="Thomson, Glenys",
   Title="Mapping disease genes: family-based association studies",
   Journal="Am J Hum Genet",
   Volume=57,
   Pages="487-498",
   Year=1995}

@TechReport{thompson95,
   Author="Thompson, Elizabeth A.",
   Title="Monte {C}arlo in genetic analysis",
   Institution="University of Washington",
   Number="294",
   Year=1995}

@Book{thompson00,
   Author="Thompson, Elizabeth A.",
   Title="Statistical Inferences from Genetic Data on Pedigrees",
   Publisher="IMS",
   Address="Beachwood, Ohio",
   Volume=6,
   Series="NSF-CBMS Regional Conference Series in Probability and Statistics",
   Year=2000}

@Article{vandenoord99,
   Author="van den Oord, Edwin J. C. G.",
   Title="A comparison between different designs and tests to detect {QTL}s in association studies",
   Journal="Behav Genet",
   Volume=29,
   Pages="245-256",
   Year=1999}

@Article{waldman99,
   Author="Waldman, I. D. and Robinson, B. F. and Rowe, D. C.",
   Title="A logistic regression based extension of the TDT for continuous and categorical traits",
   Journal="Ann Hum Genet",
   Volume=63,
   Pages="329-340",
   Year=1999}

@Article{wangdg98,
   Author="Wang, D. G. and Fan, J. B. and Siao, C. J. and Berno, A. and Young, P. and Sapolsky, R. and Ghandour, G. and Perkins, N. and Winchester, E. and Spencer, J. and Kruglyak, L. and Stein, L. and Hsie, L and Topaloglou, T. and Hubbell, E. and Robinson, E. and Mittmann, M. and Morris, M. S. and Shen, N. and Kilburn, D. and Rioux, J. and Nusbaum, C. and Rozen, S. and Hudson, T. J. and Lipshutz, R. and Chee, M. and Lander, E. S.",
   Title="Large-scale identification, mapping, and genotyping of single-nucleotide polymorphisms in the human genome",
   Journal="Science",
   Volume=280,
   Pages="1077-1082",
   Year=1998}

@Article{weeks95,
   Author="Weeks, D. E. and Lathrop, G. M.",
   Title="Polygenic disease: methods for mapping complex disease traits",
   Journal="Trends in Genetics",
   Volume=11,
   Pages="513-519",
   Year=1995}

@Book{weir96,
   Author="Weir, Bruce S.",
   Title="Genetic Data Analysis II",
   Publisher="Sinauer Associates, Inc.",
   Address="Sunderland, Massachusetts",
   Year=1996}

@Book{weiss95,
   Author="Weiss, Kenneth M.",
   Title="Genetic Variation and Human Disease: Principles and Evolutionary Approaches",
   Publisher="Cambridge University Press",
   Series="Cambridge Studies in Biological Anthropology",
   Year=1995}

@Article{williams99c,
   Author="Williams, J. T. and Blangero, J.",
   Title="Power of variance component linkage analysis to detect quantitative trait loci",
   Journal="Ann Hum Genet",
   Volume=63,
   Pages="545-563",
   Year=1999}

@Article{wjisman97,
   Author="Wijsman, Ellen M. and Amos, Christopher I.",
   Title="Genetic analysis of simulated oligogenic traits in nuclear and extended pedigrees: summary of {GAW}10 contributions",
   Journal="Genet Epidemiol",
   Volume=14,
   Pages="719-735",
   Year=1997}

@Article{wright97,
   Author="Wright, Fred A.",
   Title="The phenotypic difference discards sib-pair {QTL} linkage information",
   Journal="Am J Hum Genet",
   Volume=60,
   Pages="740-742",
   Year=1997}

@Article{wright99,
   Author="Wright, Alan F. and Carothers, Andrew D. and Pirastu, Mario",
   Title="Population choice in mapping genes for complex diseases",
   Journal="Nat Genet",
   Volume=23,
   Pages="397-404",
   Year=1999}

@Article{xiong97a,
   Author="Xiong, Momiao  and Guo, Sun-Wei",
   Title="Fine-scale genetic mapping based on linkage disequilibrium",
   Journal="Am J Hum Genet",
   Volume=60,
   Pages="1513-1531",
   Year=1997}

@Article{zms95a,
   Author="Zhao, H. and McPeek, M. S. and Speed, T. P.",
   Title="A statistical analysis of chromatid interference",
   Journal="Genetics",
   Volume=139,
   Pages="1057-1065",
   Year=1995}

@Article{sms95b,
   Author="Zhao, H. and McPeek, M. S. and Speed, T. P.",
   Title="A statistical analysis of crossover interference using the chi-square model",
   Journal="Genteics",
   Volume=139,
   Pages="1045-1046",
   Year=1995}

@Article{zhao00a,
   Author="Zhao, Hongyu and Zhang, Shuanglin and Merikangas, Kathleen R. and Trixler, Matyas and Wildenauer, Dieter B. and Sun, Fengzhu and Kidd, Kenneth K.",
   Title="Transmission/disequilibrium tests using multiple tightly linked markers",
   Journal="Am J Hum Genet",
   Volume=67,
   Pages="936-946",
   Year=2000}

@Article{zhao97a,
   Author="Zhao, L. P. and Hsu, L. and Davidov, O. and Potter, J. and Elston, R. C. and Prentice, R. L.",
   Title="Population-based family study designs: An interdisciplinary research framework for Genetic Epidemiology",
   Journal="Genet Epidemiol",
   Volume=14,
   Pages="365-388",
   Year=1997}

@Article{zr01,
   Author="Zhu, Xiaofeng  and Elston, Robert C.",
   Title="Transmission/disequilibrium tests for quantitative traits",
   Journal="Genet Epidemiol",
   Volume=20,
   Pages="57-74",
   Year=2001}

@Article{zec01,
   Author="Zhu, X. and Elston, R. C. and Cooper, R. S.",
   Title="Testing quantitative traits for association and linkage in the presence or absence of parental data",
   Journal="Hum Hered",
   Volume=51,
   Pages="183-191",
   Year=2001}


%coalescent theory

@Article{bahlo00,
   Author="Bahlo, M. and Griffiths, R. C.",
   Title="Inference from gene trees in a subdivided population",
   Journal="Theor Popul Biol",
   Volume=57,
   Pages="79-95",
   Year=2000}

@Article{cooper96,
   Author="Cooper, G. and Amos, W. and Hoffman, D. and Rubinson, D. C.",
   Title="Network analysis of human {Y} microsatelliete haplotypes",
   Journal="Hum Mol Genet",
   Volume=5,
   Pages="1759-1766",
   Year=1996}

@Article{felsenstein81a,
   Author="Felsenstein, J.",
   Title="Evolutionary trees from {DNA} sequences: a maximum likelihood approach",
   Journal="Journal of Molecular Evolution",
   Volume=17,
   Pages="368-376",
   Year=1981}

@Article{fkyb99,
   Author="Felsenstein, J. and Kuhner, M. K. and Yamato, J. and Beerli, P.",
   Title="Likelihoods on coalescents: a {M}onte {C}arlo sampling approach to inferring parameters from population samples of molecular data",
   Journal="IMS Lecture Notes Monographic Series",
   Volume=33,
   Pages="163-185",
   Year=1999}

@Article{fu99,
   Author="Fu, Yun-Xun and Li, Wen-Hsiung",
   Title="Coalescing into the 21st century: an overview and prospects of coalescent theory",
   Journal="Theor Popul Biol",
   Volume=56,
   Pages="1-10",
   Year=1999}

@Article{graham00a,
   Author="Graham, Jinko and Curran, James and Weir, Bruce S.",
   Title="Conditional genotypic probabilities for microsatellite loci",
   Journal="Genetics",
   Volume=158,
   Pages="1973-1980",
   Year=2000}

@Article{gt94a,
   Author="Griffiths, R. C. and Tavar\'{e}, Simon",
   Title="Simulatin probability distributions in the coalescent",
   Journal="Theor Popul Biol",
   Volume=46,
   Pages="131-159",
   Year=1994}

@Article{gt94b,
   Author="Griffiths, R. C. and Tavar\'{e}, Simon",
   Title="Ancestral inference in population genetics",
   Journal="Statistical Science",
   Volume=9,
   Pages="307-319",
   Year=1994}

@Article{gm96,
   Author="Griffiths, R. C. and Marjoram, P.",
   Title="Ancestral inference from samples of {DNA} sequences with recombination",
   Journal="J Comp Biol",
   Volume=3,
   Pages="479-502",
   Year=1996}

@Article{hfgb97,
   Author="Harding, R. M. and Fullerton, S. M. and Griffiths, R. C. and Bond, J. and Cox, M. J. and Schneider, J. A. and Moulin, D. S. and Clegg, J. B.",
   Title="Archaic {A}rican and {A}sian lineages in the genetic ancestry of modern humans",
   Journal="Am J Hum Genet",
   Volume=60,
   Pages="772-789",
   Year=1997}

@Article{hudson90,
   Author="Hudson, R. R.",
   Title="Gene genealogies and the coalescent process",
   Journal="Oxford Surveys in Evolutionary Biology",
   Volume=7,
   Pages="1-44",
   Year=1990}

@Article{kingman82,
   Author="Kingman, John F. C.",
   Title="The coalescent",
   Journal="Stochastic Processes and Applications",
   Volume=13,
   Pages="235-248",
   Year=1982}

@Article{kingman00,
   Author="Kingman, J. F. C.",
   Title="Origins of the coalescent: 1974-1982",
   Journal="Genetics",
   Volume=156,
   Pages="1461-1463",
   Year=2000}

@Article{kyf95,
   Author="Kuhner, M. K. and Yamato, J.  and Felsenstein, J.",
   Title="Estimating effective population size and mutation rate from sequence data using {M}etropolis-{H}astings sampling",
   Journal="Genetics",
   Volume=140,
   Pages="1421-1430",
   Year=1995}

@Article{kyf98,
   Author="Kuhner, M. K. and Yamato, J. and Felsenstein, J.",
   Title="Maximum likelihood estimation of population growth rates based on the coalescent",
   Journal="Genetics",
   Volume=149,
   Pages="429-434",
   Year=1998}

@Article{lst93,
   Author="Lee, H. and Stram, D. O. and Thomas, D. C.",
   Title="A generalized estimating equation approach to fitting major gene models in segregation analysis of continuous phenotypes",
   Journal="Genet Epidemiol",
   Volume=10,
   Pages="61-74",
   Year=1993}

@Article{ls96,
   Author="Lee, H. and Stram, D. O.",
   Title="Segregation analysis  of continuous phenotypes by using higher sample moments",
   Journal="Am J Hum Genet",
   Volume=58,
   Pages="213-224",
   Year=1996}

@Article{nielsen97,
   Author="Nielsen, R.",
   Title="A likelihood approach to population samples of microsatellite alleles",
   Journal="Genetics",
   Volume=146,
   Pages="711-716",
   Year=1997}

@Article{nielsen00,
   Author="Nielsen, R.",
   Title="Estimation of population parameters and recombination rates from single nucleotide polymorphisms",
   Journal="Genetics",
   Volume=154,
   Pages="931-942",
   Year=2000}

@Article{page98,
   Author="Page, Grier P. and Amos, Christopher I. and Boerwinkle, Eric",
   Title="The quantitative lod score: test statistic and sample size for exclusion and linkage of quantitative traits in human sibships",
   Journal="Am J Hum Genet",
   Volume=62,
   Pages="962-968",
   Year=1998}

@Misc{sage31,
   Author="S.A.G.E",
   Title="Statistical {A}nalysis for {G}enetic {E}pidemiology, {D}epartment of {E}pidemiology and {B}iostatistics, {R}ammelkamp {C}enter for {E}ducation and {R}esearch, {MetroHealth} {C}ampus, {C}ase {W}estern {R}eserve {U}niversity",
   Year=1998}

@Article{sp01,
   Author="Sham, P. C.  and Purcell, S.",
   Title="Equivalence between {H}aseman-{E}lston and variance-components linkage analyses for sib pairs",
   Journal="Am J Hum Genet",
   Volume=68,
   Pages="1527-1532",
   Year=2001}

@Article{srd01,
   Author="Seltman, Howard  and Roeder, Kathryn  and Devlin, B.",
   Title="Transmission/disequilibrium test meets measured haplotype analysis: family-based association analysis guided by evolution of haplotypes",
   Journal="Am J Hum Genet",
   Volume=68,
   Pages="1250-1263",
   Year=2001}

@InCollection{sz98,
   Author="Sham, P. C. and Zhao, J. H.",
   Title="Linkage analysis using affected sib-pairs",
   BookTitle="Guide to Human Genome Computing",
   Editor="Bishop, Martin J.",
   Publisher="Academic Press",
   Edition="Second",
   Pages="75-88",
   Year=1998}

@Article{sw01,
   Author="Shih, Mei-Chiung and Whittemore, Alice S",
   Title="Allele-sharing among affected relatives: non-parametric methods for identifying genes",
   Journal="Stat Meth Med Res",
   Volume=10,
   Pages="27-55",
   Year=2001}

@Article{sec01,
   Author="Subrahmanyan, Lakshman  and Eberle, Michael A.  and Clark, Andrew G.  and Kruglyak, Leonid  and Nickerson, Deborah A.",
   Title="Sequence variation and linkage disequilibrium in the human {T}-cell receptor  ({TCRB}) locus",
   Journal="Am J Hum Genet",
   Volume=69,
   Pages="381-395",
   Year=2001}

@Article{tlow93,
   Author="Thompson, E. A. and Lin, S. and Olshen, A. and Wijsman, E.",
   Title="Monte {C}arlo analysis of a large hypercholesterolemia pedigree",
   Journal="Genet Epidemiol",
   Volume=10,
   Pages="677-682",
   Year=1993}

@Article{thompson97,
   Author="Thompson, E. A. and Neel, J. V.",
   Title="Allelic disequilibrium and allele frequency distribution as a function of social and demographic history",
   Journal="Am J Hum Genet",
   Volume=60,
   Pages="197-204",
   Year=1997}

@Article{te99,
   Author="Thomson, Glenys  and Esposito, Michael S.",
   Title="The genetics of complex diseases",
   Journal="Trends in Cell Biology",
   Volume=9,
   Pages="M17-20.",
   Year=1999}

@Article{tt00,
   Author={Tr\'{e}gou\"{e}t, D. A. and Tiret, L.},
   Title="Applications of the estimating equations theory to genetic epidemiology: a review",
   Journal="Ann Hum Genet",
   Volume=64,
   Pages="1-14",
   Year=2000}

@Article{Weeks88,
   Author="Weeks, D. E.  and Lange, K.",
   Title="The affected-pedigree-member method of linkage analysis",
   Journal="Am J Hum Genet",
   Volume=42,
   Pages="315-326",
   Year=1988}

@Article{whittaker99a,
   Author="Whittaker, John C. and Thompson, D. J.",
   Title="Finite-sample properties of family-based association tests",
   Journal="Am J Hum Genet",
   Volume=64,
   Pages="910-915",
   Year=1999}

@Article{whittaker99b,
   Author="Whittaker, John C. and Lewis, Cathryn M.",
   Title="Power comparisons of the transmission/disequilibrium test and sib-transmission/disequilibrium-test statistics",
   Journal="Am J Hum Genet",
   Volume=65,
   Pages="578-580",
   Year=1999}

@Article{whittemore96,
   Author="Whittemore, Alice S.",
   Title="Genome scanning for linkage: an overview",
   Journal="Am J Hum Genet",
   Volume=59,
   Pages="704-716",
   Year=1996}

@Article{wt00,
   Author="Whittemore, A. S. and Tu, I-Ping",
   Title="Detection of disease genes by using family data: {I}. Likelihood-based theory",
   Journal="Am J Hum Genet",
   Volume=66,
   Pages="1328-1340",
   Year=2000}

@Article{wb98,
   Author="Wilson, Ian J. and Balding, David J.",
   Title="Genealogical inference from microsatellite data",
   Journal="Genetics",
   Volume=150,
   Pages="499-510",
   Year=1998}

@Article{wiuf00b,
   Author="Wiuf, Carsten",
   Title="On the genealogy of a sample of neutral rare alleles",
   Journal="Theor Popul Biol",
   Volume=58,
   Pages="61-75",
   Year=2000}

@Article{zhao94,
   Author="Zhao, Lue Ping",
   Title="Segregation analysis of human pedigrees using estimating equations",
   Journal="Biometrika",
   Volume=81,
   Number=4,
   Pages="197-209",
   Year=1994}

@Article{zeigler98a,
   Author="Ziegler, Andreas and Hebebrand, Johnannes",
   Title="Sample size calculations for linkage analysis using extreme sib pairs based on segregation analysis with the quantitative phenotype body weight as an example",
   Journal="Genet Epidemiol",
   Volume=15,
   Number=6,
   Pages="577-593",
   Year=1998}


%chapter 2

@Article{abreu99,
   Author="Abreu, Paula C. and Greenberg, David A. and Hodge, Susan E.",
   Title="Direct power comparisons between simple LOD scores and NPL scores for linkage analysis in complex diseases",
   Journal="Am J Hum Genet",
   Volume=65,
   Pages="847-857",
   Year=1999}

@Article{badner98,
   Author="Badner, Judith A. and Gershon, Elliot S. and R., Goldin Lynn",
   Title="Optimal ascertainment strategies to detect linkage to common disease alleles",
   Journal="Am J Hum Genet",
   Volume=63,
   Pages="880-888",
   Year=1998}

@Article{badner99,
   Author="Badner, Judith A. and Gershon, Elliot S. and Goldin, Lynn R.",
   Title="Reply to Baron",
   Journal="Am J Hum Genet",
   Volume=64,
   Pages="1246-1248",
   Year=1999}

@Article{cs95a,
   Author="Curtis, David  and Sham, Pak. C.",
   Title="Model-free linkage analysis using likelihoods",
   Journal="Am J Hum Genet",
   Volume=57,
   Pages="703-716",
   Year=1995}

@Article{cs95b,
   Author="Curtis, D. and Sham, P. C.",
   Title="A note on the application of the transmission disequilibrium test when a parent is missing",
   Journal="Am J Hum Genet",
   Volume=56,
   Pages="811-812",
   Year=1995}

@Article{davis96,
   Author="Davis, Sean  and Schroeder, Mark  and Goldin, Lynn R.  and Weeks, Daniel E.",
   Title="Nonparametric simulation-based statistics  for detecting linkage in general pedigrees",
   Journal="Am J Hum Genet",
   Volume=58,
   Pages="867-880",
   Year=1996}

@Article{davis97,
   Author="Davis, Sean  and Weeks, Daniel E.",
   Title="Comparison of nonparametric statistics for detection of linkage in nuclear families: single-marker evaluation",
   Journal="Am J Hum Genet",
   Volume=61,
   Pages="1431-1444",
   Year=1997}

@Article{dgh92,
   Author="Durner, M. and Greenberg, D. A and Hodge, S. E.",
   Title="Inter- and intrafamilial heterogeneity: effective sampling strategies and comparison of analysis methods.",
   Journal="Am J Hum Genet",
   Volume=51,
   Pages="859-870.",
   Year=1992}

@Article{durner99,
   Author="Durner, Martina and Vieland, Veronica J. and Greenberg, David A.",
   Title="Further evidence for the increased power of LOD scores compared with nonparametric methods",
   Journal="Am J Hum Genet",
   Volume=94,
   Number=1,
   Pages="281-289",
   Year=1999}

@InCollection{elston92,
   Author="Elston, Robert C.",
   Title="P values, power, and pitfalls in the linkage analysis of psychiatric disorders",
   BookTitle="Genetic Approaches to Mental Disorders",
   Editor="Gershon, E. S. and Cloninger, C. R.",
   Publisher="American Psychiatric Press",
   Address="Washington, D.C.",
   Pages="3-21",
   Year=1992}


Genetic Analysis Workshop 11,  Arcachon, France, 1998.

@Article{Greenberg89,
   Author="Greenberg, D. A.",
   Title="Inferring mode of inheritance by comparison of lod scores",
   Journal="Am J Med Genet",
   Volume=34,
   Pages="480-486",
   Year=1989}

@Article{greenberg98,
   Author="Greenberg, David A. and Abreu, Paula and Hodge, Susan E.",
   Title="The power to detect linkage in complex disease by means of simple lod-score analyses",
   Journal="Am J Hum Genet",
   Volume=63,
   Pages="870-879",
   Year=1998}

@Article{guo2000b,
   Author="Guo, Sun-Wei",
   Title="Gene-environmental interactions and the affected-sib-pair designs",
   Journal="Hum Hered",
   Volume=50,
   Pages="271-285",
   Year=2000}

@Article{hodge97,
   Author="Hodge, Susan E.  and Abreu, Paula C.  and Greenberg, David A.",
   Title="Magnitude of Type {I} error when single-locus linkage analysis is maximized over models: a simulation study",
   Journal="Am J Hum Genet",
   Volume=60,
   Pages="217-227",
   Year=1997}

@Article{Hodge94b,
   Author="Hodge, S. E.  and Elston, R. C.",
   Title="Lods Wrods Mods: The interpretation of Lod Scores Calculated Under Different Models",
   Journal="Genetic Epidemiol",
   Volume=11,
   Pages="329-342",
   Year=1994}

@Article{hodge98,
   Author="Hodge, S. E.",
   Title="Exact elods and exact power for affected sib pairs analyzed for linkage under simple right and wrong models",
   Journal="Am J Med Genet",
   Volume=81,
   Pages="66-72",
   Year=1998}

@Article{lin97,
   Author="Lin, Mingwei and Zhao, Jing Hua and Curtis, David and Sham, Pak C.",
   Title="Power comparisons of nonparametric linkage tests",
   Journal="Am J Med Genet (NeuroPsychiatric Genetics)",
   Volume=74,
   Pages="601",
   Year=1997}

@Article{mcpeek99,
   Author="McPeek, Mary Sara",
   Title="Optimal allele-sharing statistics for genetic mapping using affected relatives",
   Journal="Genet Epidemiol",
   Volume=16,
   Number=3,
   Pages="225-249",
   Year=1999}

@Article{oconnell01,
   Author="O'Connell, J. R.",
   Title="Rapid multipoint linkage analysis via inheritance vectors in the {Elston-Stewart} algorithm",
   Journal="Hum Hered",
   Volume=51,
   Pages="226-240",
   Year=2001}

@Book{ott85,
   Author="Ott, J.",
   Title="Analysis of Human Genetic Linkage",
   Publisher="Johns Hopkins University Press",
   Edition="First",
   Year=1985}

@Book{ott91,
   Author="Ott, J.",
   Title="Analysis of Human Genetic Linkage",
   Publisher="Johns Hopkins University Press",
   Edition="Revised",
   Year=1991}

@Article{risch83,
   Author="Risch, N.",
   Title="Segregation analysis incorporating linkage markers. {I}. single-locus models with an application to Type I diabetes",
   Journal="Am J Hum Genet",
   Volume=36,
   Pages="363-386",
   Year=1984}

@Article{risch92,
   Author="Risch, Neil and Giuffra, L",
   Title="Model misspecification and multipoint linkage analysis",
   Journal="Hum Hered",
   Volume=42,
   Pages="77-92",
   Year=1992}

@Article{Shamzhao97,
   Author="Sham, P. C.  and Zhao, J. H.  and Curtis, D.",
   Title="Optimal weighting scheme for affected sib-pair analysis of sibship data",
   Journal="Ann Hum Genet",
   Volume=61,
   Pages="61-69",
   Year=1997}

@Article{sham00b,
   Author="Sham, Pak Chung and Lin, Ming-Wei and Zhao, Jing Hua and Curtis, David",
   Title="Power comparison of parametric and nonparametric linkage tests in small pedigrees",
   Journal="Am J Hum Genet",
   Volume=66,
   Pages="1661-1668",
   Year=2000}

@Article{Sham00c,
   Author="Sham, P. C. and Zhao, J. H. and Curtis, D.",
   Title="The effect of marker characteristics on the power to detect linkage disequilibrium due to single or multiple ancestral mutations",
   Journal="Ann Hum Genet",
   Volume=64,
   Pages="161-169",
   Year=2000}

@Article{whittemore94a,
   Author="Whittemore, Alice S. and Halpern, Jerry",
   Title="Probability of gene identity by descent: computation and applications",
   Journal="Biometrics",
   Volume=50,
   Pages="109-117",
   Year=1994}

@Article{whittemore94b,
   Author="Whittemore, Alice S. and Halpern, Jerry",
   Title="A class of tests for linkage using affected pedigree members",
   Journal="Biometrics",
   Volume=50,
   Pages="118-127",
   Year=1994}

%chapter 3

@Article{ab01,
   Author="Ayres, Keren L. and Balding, David J.",
   Title="Measuring gametic disequilibrium from multilocus data",
   Journal="Genetics",
   Volume=17,
   Pages="413-423",
   Year=2001}

@Article{bt81,
   Author="Bengtsson, B. O. and Thomson, G.",
   Title="Measuring the strength of associations between {HLA} antigens and diseases",
   Journal="Tissue Antigens",
   Volume=18,
   Pages="356-363",
   Year=1981}

@Article{css55,
   Author="Ceppellini, R. and Siniscalco, M. and Smith, C. A. B.",
   Title="The estimation of gene frequencies in a random mating population",
   Journal="Ann Hum Genet",
   Volume=20,
   Pages="97-115",
   Year=1955}

@Article{cox98,
   Author="Cox, Angela and Camp, Nicola J. and Nicklin, Martin J. H. and di Giovine, Francesco S.  and Duff, Gordon W.",
   Title="An analysis of linkage disequilibrium in the Interleukin-1 gene cluster, using a novel grouping method for multiallelic markers",
   Journal="Am J Hum Genet",
   Volume=62,
   Pages="1180-1188",
   Year=1998}

@Article{fallin01,
   Author="Fallin, Daniele  and Cohen, Annick  and Essioux, Laurent  and Chumakov, Ilya  and Blumenfeld, Marta  and Cohen, Daniel  and Schork, Nicholas J.",
   Title="Genetic analysis of case/control data using estimated haplotype frequencies: application to {APOE} locus variation and {A}lzheimer's disease",
   Journal="Genome Res",
   Volume=11,
   Pages="143-151",
   Year=2001}

@Article{federetal96,
   Author="Feder, J. N. and Gnirke, A. and Thomas, W. and Tsuchihashi, Z. and Ruddy, D. A. and Basava, A. and Dormishian, F. and Domingo, R., Jr. and Ellis, M. C. and Fullan, A. and Hinton, L. M. and Jones, N. L. and Kimmel, B. E. and Kronmal, G. S. and Lauer, P. and Lee, V. K. and Loeb, D. B. and Mapa, F. A. and McClelland, E. and Meyer, N. C. and Mintier, G. A. and Moeller, N. and Moore, T. and Morikang, E. and Prass, C. E. and Quintana, L. and Starnes, S. M. and Schatzman, R. C. and Brunke, K. J. and Drayna, D. T. and Risch, N. J. and Bacon, B. R. and Wolff, R. K.",
   Title="A novel MHC class I-like gene is mutated in patients with hereditary haemochromatosis",
   Journal="Nat Genet",
   Volume=13,
   Pages="399-408",
   Year=1996}

@Article{ghosh00,
   Author="Ghosh, Saurabh   and Majumder, Partha P.",
   Title="Mapping a quantitative trait locus via the EM algorithm and Bayesian classification",
   Journal="Genet Epidemiol",
   Volume=19,
   Pages="97-126",
   Year=2000}

@Article{Guo92b,
   Author="Guo, S. W.  and Thompson, E. A.",
   Title="Performing the exact test of Hardy-Weinberg proportion for multiple alleles",
   Journal="Biometrics",
   Volume=48,
   Pages="361-372",
   Year=1992}

@Article{hawley95,
   Author="Hawley, M. E. and Kidd, K. K.",
   Title="{HAPLO}: a program using the {EM} algorithm to estimate the frequencies of  multi-site haplotypes",
   Journal="J Hered",
   Volume=86,
   Pages="409-411",
   Year=1995}

@Article{hill74,
   Author="Hill, W. G.",
   Title="Disequilibrium among several linked neutral genes in finite population. {II}. Variances and covariances of disequilibra",
   Journal="Theor Popul Biol",
   Volume=6,
   Pages="184-198",
   Year=1974}

@Article{hill75,
   Author="Hill, William G.",
   Title="Tests for association of gene frequencies at several loci in random mating diploid populations",
   Journal="Biometrics",
   Volume=31,
   Pages="881-888",
   Year=1975}

@Article{haik01,
   Author="Hirotsu, Chihiro and Aoki, Satoshi and Inada, Toshiya and Kitao, Yoshie",
   Title="An exact test for the association between the disease and alleles at highly polymorphic loci with particular interest in the haplotype analysis",
   Journal="Biometrics",
   Volume=57,
   Pages="769-778",
   Year=2001}

@Article{hr68,
   Author="Hill, W. G. and Robertson, A.",
   Title="Linkage disequilibrium in finite populations",
   Journal="Theor Popul Biol",
   Volume=38,
   Pages="226-231",
   Year=1968}

@Article{kidd00,
   Author="Kidd, Judith R. and Pakstis, Andrew J. and Zhao, Hongyu and Lu,
Ru-Band and Okonofua, Friday E. and Odunsi, Adekunle and Grigorenko, Elena and
Bonne-Tamir, Batsheva and Friedlaender, Jonathan and Schulz, Leslie O. and
Parnas, Josef and Kidd, Kenneth K.",
   Title="Haplotypes and linkage disequilibrium at the phenylalanine hydroxylase locus, PAH, in a global representation of population",
   Journal="Am J Hum Genet",
   Volume=66,
   Pages="1882-1899",
   Year=2000}

@Article{klitz95,
   Author="Klitz, W. and Stephen, J.C. and Grote, M. and Carrington, M.",
   Title="Discordant patterns of linkage disequilibrium of the peptide transporter loci within the {HLA} class {II} region",
   Journal="Am J Hum Genet",
   Volume=57,
   Pages="1436-1444",
   Year=1995}

@Article{KML00,
   Author="Koch, H.G.  and McClay, J.  and Loh, E.-W.  and Higuchi, S.  and Zhao, J.-H.  and Sham, P.  and Ball, D.  and Craig, I. W.",
   Title="Allele association studies with {SSR} and {SNP} markers at known physical distances within a 1 {M}b region embracing the {ALDH2} locus in the {J}apanese, demonstrates linkage disequilibrium extending up to 400 kb",
   Journal="Hum Mol Genet",
   Volume=9,
   Pages="2993-2999",
   Year=2000}

@Article{Kruglyak95a,
   Author="Kruglyak, L.  and Lander, E. S.",
   Title="High-resolution genetic mapping of complex traits",
   Journal="Am J Hum Genet",
   Volume=56,
   Pages="1212-1223",
   Year=1995}

@Article{lazzeroni97,
   Author="Lazzeroni, L. C. and Lange, K.",
   Title="Markov chains for {M}onte {C}arlo tests of genetic equilibrium in multidimensional contingency tables",
   Journal="Ann Statist",
   Volume=25,
   Pages="138-168",
   Year=1997}

@Article{lehesjoki93,
   Author="Lehesjoki, A. E. and Koskiniemi, M. and Norio, R. and Tirrito, S. and Sistonen, P. and Lander, E. and de la Chapelle, A.",
   Title="Localization of the EPM1 gene for progressive myoclonus epilepsy on Chromosome 21: linkage disequilibrium allows high resolution mapping",
   Journal="Hum Mol Genet",
   Volume=2,
   Pages="1229-1234",
   Year=1993}

@Misc{lewis99,
   Author="Lewis, P. O. and Zaykin, D.",
   Title="Genetic Data Analysis: Computer program for the analysis of allelic data, http://chee.umn.edu/gda",
   Year=1999}

@Article{long95,
   Author="Long, Jeffrey C.  and Williams, Robert C.  and Unbanek, Margrit",
   Title="An {E-M}  algorithm and testing strategy for multiple-locus haplotypes",
   Journal="Am J Hum Genet",
   Volume=56,
   Pages="799-810",
   Year=1995}

@Article{longmate01,
   Author="Longmate, Jeffrey A.",
   Title="Complexity and power in case-control association studies",
   Journal="Am J Hum Genet",
   Volume=68,
   Pages="1229-1237",
   Year=2001}

@Article{mckeigue00,
   Author="McKeigue, Paul M.",
   Title="Efficiency of estimation of haplotype frequencies: use of marker phenotypes of unrelated Individuals versus counting of phase-known gametes",
   Journal="Am J Hum Genet",
   Volume=67,
   Pages="1626-1627",
   Year=2000}

@Article{ma97,
   Author={M\"{u}ller-Myhsok, Bertram and Abel, Laurent},
   Title="Genetic analysis of complex traits",
   Journal="Science",
   Volume=275,
   Pages="1329",
   Year=1997}

@InCollection{murray97,
   Author="Murray, R.",
   Title="Schizophrenia",
   BookTitle="The Essentials of Postgraduate Psychiatry",
   Editor="Murray, R. and Hill, P. and McGuffin, P.",
   Publisher="Cambridge University Press",
   Edition="Third",
   Pages="pp281-309",
   Year=1997}

@Article{nettleton00,
   Author="Nettleton, Dan and Doerge, R. W.",
   Title="Accounting for variability in the use of permutation testing to detect quantitative trait loci",
   Journal="Biometrics",
   Volume=56,
   Pages="52-58",
   Year=2000}

@Article{new98,
   Author="Nielsen, Dahlia M. and Ehm, M.G. and Weir, B.S.",
   Title="Detecting marker-disease association by testing for Hardy-Weinberg disequilibrium at a marker locus",
   Journal="Am J Hum Genet",
   Volume=63,
   Pages="1531-1540",
   Year=1998}

@Article{nw99,
   Author="Nielsen, Dahlia M.  and Weir, B. S.",
   Title=" A classical setting for associations between markers and loci affecting quantitative traits",
   Journal="Genetical Research",
   Volume=74,
   Pages="271-277",
   Year=1999}

@Article{nw01b,
   Author="Nielsen, Dahlia M. and Weir, B. S.",
   Title="Association studies under general disease models",
   Journal="Theor Popul Biol",
   Volume=60,
   Pages="253-263",
   Year=2001}

@Article{ott77,
   Author="Ott, Jurg",
   Title="Couning methods (EM algorithm) in human pedigree analysis: linkage and segregation analysis",
   Journal="Ann Hum Genet",
   Volume=40,
   Pages="443-454",
   Year=1977}

@Article{risch98,
   Author="Risch, N. and Teng, J.",
   Title="The relative power of family-based and case-control designs for linkage disequilibrium studies of complex human diseases. {I}. {DNA} pooling",
   Journal="Genome Res",
   Volume=8,
   Pages="1273-1288",
   Year=1998}

@Article{sasieni97,
   Author="Sasieni, Peter D.",
   Title="From genotypes to genes: doubling the sample size",
   Journal="Biometrics",
   Volume=53,
   Pages="1253-1261",
   Year=1997}

@Misc{schneider98,
   Author="Schneider, S. and Kueffer, J. M. and Roessli, D. and Excoffier, L.",
   Title="Arlequin: a software for population genetic analysis, http://anthopologie.unige.chh/arlequin",
   Year=1998}

@Article{sham95a,
   Author="Sham, P. C.  and Curtis, D.",
   Title="An extended tranmission/disequilibrium test ({TDT}) for multi-allelic marker loci",
   Journal="Ann Hum Genet",
   Volume=59,
   Pages="323-336",
   Year=1995}

@Article{sd01,
   Author="Shifman, Sagiv and Darvasi, Ariel",
   Title="The value of isolated populations",
   Journal="Nat Genet",
   Volume=28,
   Pages="309-310",
   Year=2001}

@Article{sved71,
   Author="Sved, J. A.",
   Title="Linkage disequilibrium and homozygosity of chromosome segments in finite populations",
   Journal="Theor Popul Biol",
   Volume=2,
   Pages="125-141",
   Year=1971}

@Article{teng00,
   Author="Teng, J. and Risch, N.",
   Title="The relative power of family-based and case-control designs for linkage disequilibrium studies of complex human diseases. {II}. Individual genotyping",
   Journal="Genome Res",
   Volume=9,
   Pages="234-241",
   Year=1999}

@Book{Terwilliger94,
   Author="Terwilliger, J. D.  and Ott, J.",
   Title="Handbook of Human Genetic Linkage",
   Publisher="The Johns Hopkins University Press",
   Address="Baltimore",
   Year=1994}

@Article{toivonen00,
   Author={Toivonen, Hannu T. T. and Onkamo, P\"{a}vi and Vakso, Kari and Ollikainen, Vesa and Sevon, Petteri and Mannila, Heikki and Herr, Mathias and Kere, Juha},
   Title="Data mining applied to linkage disequilibrium mapping",
   Journal="Am J Hum Genet",
   Volume=67,
   Pages="133-145",
   Year=2000}

@Article{wc78,
   Author="Weir, B. S. and Cockerham, C. C.",
   Title="Testing hypothesis about linkage disequilibrium with multiple alleles",
   Journal="Genetics",
   Volume=88,
   Pages="633-642",
   Year=1978}

@Article{weir79b,
   Author="Weir, B. S.  and Cockerham, C. Clark",
   Title="Estimation of linkage disequilibrium in randomly mating populations",
   Journal="Heredity",
   Volume=42,
   Pages="105--111",
   Year=1979}

@Article{Woolf55,
   Author="Woolf, B.",
   Title="On estimating the relation between blood group and disease",
   Journal="Ann Hum Genet",
   Volume=19,
   Pages="251-253",
   Year=1955}

@Article{workman70,
   Author="Workman, P. L. and Niswander, J. D.",
   Title="Population studies on southwestern Indian tribes. {II}. Local genetic differentiation in the Papago",
   Journal="Am J Hum Genet",
   Volume=22,
   Pages="24-39",
   Year=1970}

@Article{xie93,
   Author="Xie, X. and Ott, J.",
   Title="Testing linkage disequilibrium between a disease gene and marker loci",
   Journal="Am J Hum Genet",
   Volume=53,
   Pages="1107",
   Year=1993}

@Article{zaykin95,
   Author="Zaykin, D. and Zhivotovsky, L. and Weir, B. S.",
   Title="Exact tests for association between alleles at arbitrary numbers of loci",
   Journal="Genetica",
   Volume=96,
   Pages="169-178",
   Year=1995}

@Article{hyz99c,
   Author="Zhao, H. and Pakstis, A. J. and Kidd, J. R. and Kidd, K. K.",
   Title="Assessing linkage disequilibrium in a complex genetic system. {I}. Overall deviation from random association",
   Journal="Ann Hum Genet",
   Volume=63,
   Pages="167-179",
   Year=1999}

@Article{zapata97,
   Author="Zapata, Carlos  and Alvarez, Gonzalo  and Carollo, Carmen",
   Title="Approximate variance of the standardized measure of gametic disequilibrium {D'}",
   Journal="Am J Hum Genet",
   Volume=61,
   Pages="771-774",
   Year=1997}

@Article{zcr01,
   Author="Zapata, C. and Carllos, C. and Rodr\'{\i}guez, S.",
   Title="Sampling variance and distribution of the the {D}' measure of overall gametic disequilibrium between multiallelic loci",
   Journal="Ann Hum Genet",
   Volume=65,
   Pages="395-406",
   Year=2001}

@Article{zhao00b,
   Author="Zhao, Jing Hua and Curtis, David  and Sham, Pak. C.",
   Title="Model-free analysis and permutation tests for allelic associations",
   Journal="Hum Hered",
   Volume="52",
   Pages="133-139",
   Year=2000}

@Article{zs02,
   Author="Zhao, Jing Hua and Sham, Pak Chung",
   Title="Faster haplotype frequency estimation using unrelated subjects",
   Journal="Hum Hered",
   Volume=53,
   Pages="36-41",
   Year=2002}


%chapter 4

@Article{chapman98,
   Author="Chapman, Nicola H. and Wijisman, Ellen M.",
   Title="Genome screens using linkage disequilibrium tests: optimal marker characteristics and feasibility",
   Journal="Am J Hum Genet",
   Volume=63,
   Pages="1872-1885",
   Year=1998}

@Article{farrall98,
   Author="Farrall, Martin and Weeks, Daniel E.",
   Title="Mutational mechanisms for generating microsatellite allele-frequency distributions: an analysis of 4,558 markers",
   Journal="Am J Hum Genet",
   Volume=62,
   Pages="1260-1262",
   Year=1998}

@Article{guoxiong97b,
   Author="Guo, Sun-Wei  and Xiong, Momiao",
   Title="Estimating the age of mutant disease alleles based on linkage disequilbrium",
   Journal="Hum Hered",
   Volume=47,
   Pages="315-337",
   Year=1997}

@Article{jorde95,
   Author="Jorde, Lynn B.",
   Title="Invited Editorial: linkage disequilibrium as a gene-mapping tool",
   Journal="Am J Hum Genet",
   Volume=56,
   Pages="11-14",
   Year=1995}

@Article{Kruglyak97,
   Author="Kruglyak, L.",
   Title="The use of a genetic map of biallelic markers in linkage studies",
   Journal="Nat Genet",
   Volume=17,
   Number=1,
   Pages="21-4",
   Year=1997}

@Article{lst01,
   Author="Liu, Jun S.  and Sabatti, Chiara  and Teng, Jun  and Keats, Bronya J.B.  and Risch, Neil",
   Title="Bayesian analysis of haplotypes for linkage disequilibrium mapping",
   Journal="Genome Res",
   Volume=11,
   Pages="1716-1724",
   Year=2001}

@Article{Ott92,
   Author="Ott, J.",
   Title="Strategies for characterizing highly polymorphic markets in human gene mapping",
   Journal="Am J Hum Genet",
   Volume=51,
   Pages="283-290",
   Year=1992}

@Article{OttRabinowitz97,
   Author="Ott, J.  and Rabinowitz, D.",
   Title="The effect of marker heterozygosity on the power to detect linkage disequilibrium",
   Journal="Genetics",
   Volume=147,
   Number=2,
   Pages="927-30",
   Year=1997}

@Article{pennisi98,
   Author="Pennisi, Elizabeth",
   Title="A closer look at {SNP}s suggests difficulties",
   Journal="Science",
   Volume=281,
   Pages="1787-1789",
   Year=1998}

@Article{Terwilliger92b,
   Author="Terwilliger, J. D. and Ding, D. Y. and Ott, J.",
   Title="On the relative importance of marker heterozygosity and intermarker distance in gene mapping",
   Journal="Genomics",
   Volume=13,
   Pages="951-956",
   Year=1992}

@Article{zv00,
   Author={Z\"{o}llner, Sebastian and von Haeseler, Arndt},
   Title="A coalescent approach to study linkage disequilibrium between single-nucleotide polymorphisms",
   Journal="Am J Hum Genet",
   Volume=66,
   Pages="615-628",
   Year=2000}


%chapter 5

@Article{almasy98,
   Author="Almasy, Laura and Blangero, John",
   Title="Multipoint quantitative-trait linkage analysis in general pedigrees",
   Journal="Am J Hum Genet",
   Volume=62,
   Pages="1198-1211",
   Year=1998}

@Article{Boehnke86,
   Author="Boehnke, M",
   Title="Estimating the power of a proposed linkage study: a practical computer simulation approach",
   Journal="Am J Hum Genet",
   Volume=39,
   Pages="513-527",
   Year=1986}

@Book{cfb71,
   Author="Cavalli-Sforza, L.L and Bodmer, W. F.",
   Title="The Genetics of Human Populations",
   Publisher="W. H. Freeman",
   Address="San Francisco",
   Year=1971}

@Article{chapman66,
   Author="Chapman, Douglas G. and Meng, Rosa C.",
   Title="The power of chi-square tests for contingency tables",
   Journal="J Amer Stat Assoc",
   Volume=61,
   Pages="965-975",
   Year=1966}

@Article{Clerget-Darpoux86,
   Author={Clerget-Darpoux, Fran\c{c}oise  and Bona\"{\i}ti-Pelli\'e, Catherine  and Hochez, Joeelle},
   Title="Effects of misspecifying genetic parameters in lod score analysis",
   Journal="Biometrics",
   Volume=42,
   Pages="393--399",
   Year=1986}

@Article{collins99,
   Author="Collins, A. and Lonjou, C. and Morton, N. E.",
   Title="Genet Epidemiol of single-nucleotide polymorphisms",
   Journal="Proc Natl Acad Sci USA",
   Volume=96,
   Pages="15173-15177",
   Year=1999}

@Article{dib96,
   Author="Dib, C and Faure, S. and Fizames, C. and Samson, D. and Drouot, N. and Vignal, A. and  Millasseau, P. and Marc, S. and Hazan, J. and Seboun, E. and Lathrop, M. and Gyapay, G. and Morissette, J. and Weissenbach, J.",
   Title="A comprehensive genetic map of the human genome based on 5,264 microsatellites",
   Journal="Nature",
   Volume=380,
   Pages="152-154",
   Year=1996}

@Article{ewens82,
   Author="Ewens, W. J.",
   Title="Aspects of parameter estimation in ascertainment sampling schemes",
   Journal="Am J Hum Genet",
   Volume=34,
   Pages="853-865",
   Year=1982}

@Article{guenther77,
   Author="Guenther, William C.",
   Title="Power and sample size for approximate chi-square tests",
   Journal="The American Statistician",
   Volume=31,
   Pages="83-85",
   Year=1977}

@Article{hwsn98,
   Author="Hampe, J. and Wienker, T.  and Schreiber, S.  and Nurnberg, P.",
   Title="{POPSIM}: a general population program",
   Journal="Bioinformatics",
   Volume=14,
   Pages="458-464",
   Year=1998}

@TechReport{hc81,
   Author="Hasstedt, S and Cartwright, P.",
   Title="{PAP}: Pedigree Analysis Package",
   Institution="Department of Medical Computing and Biophysics, University of Utah",
   Number="13",
   Year=1981}

@Article{hasstedt82,
   Author="Hasstedt, Sandra J.",
   Title="A mixed-model likelihood approximation on large pedigrees",
   Journal="Comput. Biomed. Res.",
   Volume=15,
   Pages="295-307",
   Year=1982}

@Article{hasstedt83,
   Author="Hasstedt, S. J. and Meyers, D. A. and Marsh, D. G.",
   Title="Inheritance of immunoglobin {E}: genetic model fitting",
   Journal="Am. J. Med. Genet.",
   Volume=14,
   Pages="61-66",
   Year=1983}

@Book{knight00,
   Author="Knight, Keith",
   Title="Mathematical Statistics",
   Publisher="Chapman \& Hall /CRC",
   Year=2000}

@Article{kruglyak99,
   Author="Kruglyak, L.",
   Title="Prospects for whole-genome linkage disequilibrium mapping of complex disease genes",
   Journal="Nat Genet",
   Volume=22,
   Pages="139-145",
   Year=1999}

@TechReport{lalouel80,
   Author="Lalouel, J. M. and Yee, S.",
   Title="{POINTER}: Computer programs for complex segregation analysis of nuclear families with pointers. Population Genetics Laboratory",
   Institution="University of Hawaii",
   Number="3",
   Year=1980}

@Article{lalouel83,
   Author="Lalouel, J. M.  and Rao, D. C.  and Morton, N. E.  and Elston, R. C.",
   Title="A unified model for complex segregation analysis",
   Journal="Am J Hum Genet",
   Volume=35,
   Pages="816-826",
   Year=1983}

@Article{landerbotstein87c,
   Author="Lander, E. S. and Botstein, D.",
   Title="Homozygosity mapping: a way to map human recessive traits with the {DNA} of inbred children",
   Journal="Science",
   Volume=236,
   Pages="1567-1570",
   Year=1987}

@Article{lange87,
   Author="Lange, K. and Boehnke, M. and Weeks, D.",
   Title="Programs for pedigree analysis: MENDEL, FISHER, and dGENE",
   Journal="Genet. Epidemiol.",
   Volume=5,
   Pages="473-476",
   Year=1987}

@Article{macluer67,
   Author="MacCluer, Jean W.",
   Title="Monte {C}arlo methods in human population genetics: a computer model incorporating age-specific birth and dath rates",
   Journal="Am J Hum Genet",
   Volume=19,
   Pages="303-312",
   Year=1967}

@Article{mccarthy98,
   Author="McCarthy, Mark I. and Kruglyak, Leonid and Lander, Eric S.",
   Title="Sib-pair collection strategies for complex diseases",
   Journal="Genet Epidemiol",
   Volume=15,
   Pages="317-340",
   Year=1998}

@Article{newton82,
   Author="Morton, N. E.",
   Title="Trials of segregation analysis by deterministic and macro simulation",
   Journal="Am J Hum Genet",
   Volume=34,
   Pages="187A",
   Year=1982}

@Article{OConnell95,
   Author="O'Connell, J. R.  and Weeks, D. E.",
   Title="The VITESSE algorithm for rapid exact multilocus linkage analysis via genotype set-recording and fuzzy inheritance",
   Journal="Nat Genet",
   Volume=11,
   Pages="402-408",
   Year=1995}

@Article{ohadi99,
   Author="Ohadi, Mina and Lalloz, Michel R. A. and Sham, Pak C. and Zhao, Jing Hua and Dearlove, Andrew M. and Shiach, Caroline and Kinsey, Sally and Rhodes, Michael and Layton, Mark D.",
   Title="Localization of a gene for familial hemophagocytic lymphohistocystosis at chromosome 9q21.3-22 by homozygosity mapping",
   Journal="Am J Hum Genet",
   Volume=64,
   Pages="165-171",
   Year=1999}

@Article{Ott89,
   Author="Ott, J.",
   Title="Computer-simulation methods in human linkage analysis",
   Journal="Proc Natl Acad Sci USA",
   Volume=86,
   Pages="4175-4178",
   Year=1989}

@Article{Ploughman89,
   Author="Ploughman, L. M.   and Boehnke, M.",
   Title="Estimating the power of a proposed linkage study for a complex genetic trait",
   Journal="Am J Hum Genet",
   Volume=44,
   Pages="543-551",
   Year=1989}

@Book{Press92,
   Author="Press, W. H. and Teukolsky, S. A. and Vetterling, W. T. and Flannery, B. P.",
   Title="Numerical Recipes: The Art of Scientific Computing",
   Publisher="Cambridge University Press",
   Edition = "2nd",
   Address="Cambridge",
   Year=1992}

@Article{Risch89,
   Author="Risch, N.",
   Title="Linkage detection tests under heterogeneity",
   Journal="Genet Epidemiol",
   Volume=6,
   Pages="473-480",
   Year=1989}

@Article{schork92,
   Author="Schork, Nicholas J.",
   Title="Detection of Genetic Heterogeneity for complex quantitative phenotypes",
   Journal="Genet. Epidemiol.",
   Volume=9,
   Pages="207-223",
   Year=1992}

@Article{schull67,
   Author="Schull, William J.",
   Title="On the use of computers in human genetics: an introduction",
   Journal="Am J Hum Genet",
   Volume=19,
   Pages="183-188",
   Year=1967}

@Article{Speer92,
   Author="Speer, M and Terwilliger, J. D.   and Ott, J",
   Title="A chromosome-based method for rapid computer simulation",
   Journal="Am J Hum Genet",
   Volume=51,
   Pages="A202",
   Year=1992}

@Article{smith63,
   Author="Smith, C. A. B.",
   Title="Testing for heterogeneity of recombination fraction values in human genetics",
   Journal="Ann Hum Genet",
   Volume=27,
   Pages="175-182",
   Year=1963}

@Article{Terwilliger93,
   Author="Terwilliger, J. D. and Speer, M   and Ott, J",
   Title="Chromosome-based method for rapid computer simulation in human genetic linkage analysis",
   Journal="Genet. Epidemiol.",
   Volume=10,
   Pages="217-224",
   Year=1993}

@Article{thompson91,
   Author="Thompson, E. A. and Guo, S. W.",
   Title="Evaluation of likelihood ratios for complex genetic models",
   Journal="IMA Journal of Mathematics Applied in Medicine and Biology",
   Volume=8,
   Pages="149-169",
   Year=1991}

@Misc{thompson01,
   Author="Thompson, E. A.",
   Title="{PANGAEA}: pedigree analysis for genetics, http://www.stat.washington.edu/thompson/Genepi/pangaea.shtml",
   Year=2001}

@Article{weeks90b,
   Author="Weeks, D. E. and Ott, J. and Lathrop, G. M.",
   Title="{SLINK}: a general simulation program for linkage analysis (abstract)",
   Journal="Am J Hum Genet",
   Volume=47,
   Pages="A204",
   Year=1990}

@Book{Weir90,
   Author="Weir, B. S.",
   Title="Genetic Data Analysis",
   Publisher="Sinauer Associates, Inc.",
   Address="Sunderland, Massachusetts",
   Year=1990}

@Article{william99a,
   Author="Williams, Jeff T. and Eerdewegh, Paul Van and Almasy, Laura and Blangero, John",
   Title="Joint multipoint linkage analysis of multivariate quantitative and quantitative traits: {I}. likelihood formulation and simulation results",
   Journal="Am J Hum Genet",
   Volume=65,
   Pages="1134-1147",
   Year=1999}

@Article{wbp96,
   Author="Wilson, A. F.  and Bailey-Wilson, J. E. and Pugh, E. W.  and M., Sorant A. J.",
   Title="Genometric analysis simulation program",
   Journal="Am J Hum Genet",
   Volume=59,
   Pages="A193",
   Year=1996}

%chapter 6

@Article{acc01,
   Author="Abecasis, G. R. and Cookson, W. O. C. and Cardon, L. R.",
   Title="Pedigree tests of transmission disequilibrium",
   Journal="European Journal of Human Genetics",
   Volume=8,
   Pages="545-551",
   Year=2000}

@Article{cl95,
   Author="Chernoff, Herman and Lander, Eric",
   Title="Asymptotic distribution of the likelihood ratio test that a mixture of two binomials is a single binomial",
   Journal="J Stat Plan Infer",
   Volume=43,
   Pages="19-40",
   Year=1995}

@Article{davies77,
   Author="Davies, R. B.",
   Title="Hypothesis testing when a nuisance parameter is present only under the alternative",
   Journal="Biometrika",
   Volume=64,
   Pages="247-254",
   Year=1977}

@Article{davies87,
   Author="Davies, R. B.",
   Title="Hypothesis testing when a nuisance parameter is present only under the alternative",
   Journal="Biometrika",
   Volume=74,
   Pages="33-43",
   Year=1987}

@Article{geyer94,
   Author="Geyer, Charles J.",
   Title="On the asymptotics of constrained {M}-estimation",
   Journal="Ann Statist",
   Volume=22,
   Pages="1993-2010",
   Year=1994}

@Article{goring2000d,
   Author={G\"{o}ring, Harald H. H. and Terwilliger, Joseph D.},
   Title="Linkage analysis in the presence of errors {IV}: Joint pseudomarker analysis of linkage and/or linkage disequilibrium on a mixture of pedigrees and singleton when the mode of inheritance cannot be accurately specified",
   Journal="Am J Hum Genet",
   Volume=66,
   Pages="1310-1327",
   Year=2000}

@Article{hj01,
   Author="Huang, Jian  and Jiang, Yanming",
   Title="The score statistic of the {LD-Lod} analysis: detecting linkage adaptive to linkage disequilibrium",
   Journal="Hum Hered",
   Volume=52,
   Pages="83-98",
   Year=2001}

@Article{keavney98,
   Author="Keavney, Bernard and McKenzie, Colin A. and Connell, John M. C. and Julier, C\'{e}cile and Ratcliffe, Peter J. and Sobel, Eric and Lathrop, Mark and Farrall, Martin",
   Title="Measured haplotype analysis of the angiotensin-{I} converting enzyme gene",
   Journal="Hum Mol Genet",
   Volume=11,
   Pages="1745-1751",
   Year=1998}

@Article{liang99,
   Author="Liang, Kung-Yee and Rathouz, Paul J.",
   Title="Hypothesis testing under mixture models: application to genetic linkage analysis",
   Journal="Biometrics",
   Volume=55,
   Pages="65-74",
   Year=1999}

@Article{mas99,
   Author="Mukhopadhyay, N.  and Almasy, L.  and Schroeder, M.  and Mulvihill, W. P.  and Weeks, D. E.",
   Title="Mega2, a data-handling program for facilitating genetic linkage and association analyses",
   Journal="Am J Hum Genet",
   Volume=65,
   Pages="A436",
   Year=1999}

@Article{Self87,
   Author="Self, S. G.  and Liang, K. Y.",
   Title="Asymptotic properties of maximum likelihood estimators and likelihood ratio tests under nonstandard conditions",
   Journal="J Amer Stat Assoc",
   Volume=82,
   Pages="605-610",
   Year=1987}

@Article{shv01,
   Author="Slager, S.L.  and Huang, J.  and Vieland, V.J.",
   Title="Power comparisons between the {TDT} and two likelihood-based methods",
   Journal="Genet Epidemiol",
   Volume=20,
   Pages="192-209",
   Year=2001}

@Article{sobel96,
   Author="Sobel, Eric and Lange, Kenneth",
   Title="Descent graphs in pedigree analysis: applications to haplotyping, location scores, and marker-sharing statistics",
   Journal="Am J Hum Genet",
   Volume=58,
   Pages="1323-1337",
   Year=1996}

@Article{xiong00,
   Author="Xiong, Momiao and Jin, Li",
   Title="Combined linkage and linkage disequilibrium mapping for genome screens",
   Journal="Genet Epidemiol",
   Volume=19,
   Pages="211-234",
   Year=2000}

@Article{zhao98a,
   Author="Zhao, Luo Ping and Aragaki, Corinne and Hsu, Li and Quiaoit, Filemon",
   Title="Mapping of complex traits by single-nucleotide polymorphism",
   Journal="Am J Hum Genet",
   Volume=63,
   Pages="225-240",
   Year=1998}


%chapter 7

@Article{abel98b,
   Author={Abel, Laurent and M\"{u}ller-Myhsok, Bertram},
   Title="Maximum-likelihood expression of the transmission/disequilibrium test and power considerations",
   Journal="Am J Hum Genet",
   Volume=63,
   Pages="664-667",
   Year=1998}

@Article{bacanu00,
   Author="Bacanu, Silviu-Alin and Devlin, B. and Roeder, Kathryn",
   Title="The power of genomic control",
   Journal="Am J Hum Genet",
   Volume=66,
   Pages="1933-1944",
   Year=2000}

@Article{bickeboller95,
   Author={Bickeb\"{o}ller, H. and Clerget-Darpoux, F.},
   Title="Statistical properties of the allelic and genotypic transmission/disequilibrium test for multiallelic markers",
   Journal="Genet Epidemiol",
   Volume=12,
   Pages="865-870",
   Year=1995}

@Article{camp97,
   Author="Camp, Nicola J.",
   Title="Genomewide transmission/disequilibrium testing-consideration of the genotypic relative risks at disease loci",
   Journal="Am J Hum Genet",
   Volume=61,
   Pages="1424-1430",
   Year=1997}

@Article{camp99,
   Author="Camp, Nicola J.",
   Title="Genomewide transmission/disequilibrium testing: a correction",
   Journal="Am J Hum Genet",
   Volume=64,
   Pages="1485-1487",
   Year=1999}

@Article{chiano98,
   Author="Chiano, M. N. and Clayton, D. G.",
   Title="Fine genetic mapping using haplotype analysis and the missing data problem",
   Journal="Ann Hum Genet",
   Volume=62,
   Pages="55-60",
   Year=1998}

@Article{cleves97,
   Author="Cleves, Mario A. and Olson, Jane M. and Jacobs, Kevin B.",
   Title="Exact transmission/disequilibrium tests with multiallelic markers",
   Journal="Genet Epidemiol",
   Volume=14,
   Number=4,
   Pages="337-347",
   Year=1997}

@Article{curtis97,
   Author="Curtis, David",
   Title="Use of siblings as controls in case-control association studies",
   Journal="Ann Hum Genet",
   Volume=61,
   Pages="319-333",
   Year=1997}

@Article{dudbridge00,
   Author="Dudbridge, Frank and Koeleman, P. C. and Todd, John A.",
   Title="Unbiased application of the tranmission/disequilibrium test to multilocus haplotypes",
   Journal="Am J Hum Genet",
   Volume=66,
   Pages="2009-2012",
   Year=2000}

@Article{Falk87,
   Author="Falk, C. T.  and Rubinstein, P.",
   Title="Haplotype relative risk: an easy reliable way to construct a proper control sample for risk calculations",
   Journal="Ann Hum Genet",
   Volume=51,
   Pages="227-233",
   Year=1987}

@Misc{hr96,
   Author="Hinds, D. and Risch, N.",
   Title="The ASPEX package: affected sib-pair mapping. ftp://lahmed.stanford.edu/pub/aspex/index.html",
   Year=1996}

@Article{horvath00,
   Author="Horvath, Steve  and Windemuth, Christine  and Knapp, Michael",
   Title="The disequilibrium maximum-likelihood-binomial test does not replace the transmission/disequilibrium test",
   Journal="Am J Hum Genet",
   Volume=67,
   Pages="531-534",
   Year=2000}

@Article{keoleman00,
   Author="Koeleman, B. P. C. and Dudbridge, F. and Cordell, H. and Todd, J. A.",
   Title="Adaption of the extended tranmission/disequilibrium test to distinguish disease association of multiple loci: the conditional extended transmission/disequilibrium test",
   Journal="Ann Hum Genet",
   Volume=64,
   Pages="207-213",
   Year=2000}

@Article{knapp99c,
   Author="Knapp, Michael",
   Title="Using exact P values to compare the power between the reconstruction-combined transmission/disequilibrium test and the sib tranmission/disequilibrium test",
   Journal="Am J Hum Genet",
   Volume=65,
   Pages="1208-1210",
   Year=1999}

@Article{laird00,
   Author="Laird, Nan M.  and Horvath, Steve  and Xu, Xin",
   Title="Implementing a unified approach to family-based tests of association",
   Journal="Genet Epidemiol",
   Volume={19 (supplement)},
   Pages="36-42",
   Year=2000}

@Article{lbl00,
   Author="Lake, Stephen L.  and Blacker, Deborah  and Laird, Nan M.",
   Title="Family-based tests of association in the presence of linkage",
   Journal="Am J Hum Genet",
   Volume=67,
   Pages="1515-1525",
   Year=2000}

@Article{martinkaplan97,
   Author="Martin, E. R.  and Kaplan, N. L.  and Weir, B. S.",
   Title="Tests for linkage and association in nuclear families",
   Journal="Am J Hum Genet",
   Volume=61,
   Pages="439-448",
   Year=1997}

@Article{McGinnis98,
   Author="McGinnis, R. E.",
   Title="Hidden linkage: a comparison of the affected sib pair (ASP) test and transmission/disequilibrium test ({TDT})",
   Journal="Ann Hum Genet",
   Volume=62,
   Pages="159-179",
   Year=1998}

@Article{mcginnis00,
   Author="McGinnis, Ralph E.",
   Title="General equations for $P_t$, $P_s$ and the power of the {TDT} and the affected-sib-pair test",
   Journal="Am J Hum Genet",
   Volume=67,
   Pages="1340-1347",
   Year=2000}

@Article{monks98,
   Author="Monks, S.A. and Kaplan, N.L. and Weir, B.S.",
   Title="A comparative study of sibship tests of linkage and/or association",
   Journal="Am J Hum Genet",
   Volume=63,
   Pages="1507-1516",
   Year=1998}

@Article{mcw97,
   Author="Morris, A. P. and Curnow, R. N. and Whittaker, J. C.",
   Title="Randomization tests of disease-marker asssociations",
   Journal="Ann Hum Genet",
   Volume=61,
   Pages="49-60",
   Year=1997}

@Article{oord00,
   Author="Van den Oord, Edwin",
   Title="Testing for linkage disequilibrium, maternal effects, and imprinting with (in)complete case-parent triads, by use of the computer program {LEM}",
   Journal="Am J Hum Genet",
   Volume=66,
   Pages="335-338",
   Year=2000}

@Article{ott89b,
   Author="Ott, J.",
   Title="Statistical properties of the haplotype relative risk",
   Journal="Genet Epidemiol",
   Volume=6,
   Pages="127-130",
   Year=1989}

@Article{rabinowitz00b,
   Author="Rabinowitz, Daniel and Laird, Nan",
   Title="A unified approach to adjusting association tests for population admixture with arbitrary pedigree structures and arbitrary missing marker information",
   Journal="Hum Hered",
   Volume=50,
   Pages="211-223",
   Abstract="association",
   Year=2000}

@Article{rg01,
   Author="Reich, David E.  and Goldstein, David B.",
   Title="Detecting association in a case-control study while correcting for population stratification",
   Journal="Genet Epidemiol",
   Volume=20,
   Pages="4-16",
   Year=2001}

@Article{rischmerikangas96,
   Author="Risch, Neil  and Merikangas, Kathleen",
   Title="The future of genetic studies of complex human diseases",
   Journal="Science",
   Volume=273,
   Pages="1516-1517",
   Year=1996}

@Article{risch97,
   Author="Risch, Neil",
   Title="Evolving methods in Genet Epidemiol. {II}. Genetic linkage from an epidemiologic perspective",
   Journal="Epidemiologic Reviews",
   Volume=19,
   Pages="24-32",
   Year=1997}

@Article{Rubinstein81,
   Author="Rubinstein, P.  and Walker, M.  and Carpenter, C.  and Carrier, C.  and Krassner, J.  and Falk, C.  and Ginsberg, F.",
   Title="Genetics of {HLA} disease associations: the use of the haplotype relative risk ({HRR}) and the ``haplo-delta'' ({D}h) estimates in juvenile diabetes from three racial groups",
   Journal="Human Immunology",
   Volume=3,
   Pages="384",
   Year=1981}

@Article{schaid94,
   Author="Schaid, Daniel J.  and Sommer, Steve S.",
   Title="Comparison of Statistics for candidate-gene association studies using cases and parents",
   Journal="Am J Hum Genet",
   Volume=55,
   Pages="402-409",
   Year=1994}

@Article{schaid98a,
   Author="Schaid, Daniel J.",
   Title="Statistical Genetics '98: Transmission disequilibrium, family controls, and great expectations",
   Journal="Am J Hum Genet",
   Volume=63,
   Pages="935-941",
   Year=1998}

@Article{schaid98b,
   Author="Schaid, Daniel J. and Rowland, Charles",
   Title="Use of parents, sibs, and unrelated controls for detection of association between genetic markers and disease",
   Journal="Am J Hum Genet",
   Volume=63,
   Pages="1492-1506",
   Year=1998}

@Article{shaid99a,
   Author="Schaid, Daniel J.",
   Title="Likelihoods and TDT for the case-parents design",
   Journal="Genet Epidemiol",
   Volume=16,
   Number=3,
   Pages="250-260",
   Year=1999}

@Article{schaid99b,
   Author="Schaid, Daniel J.",
   Title="Case-parents design for gene-environment interaction",
   Journal="Genet Epidemiol",
   Volume=16,
   Number=3,
   Pages="261-273",
   Year=1999}

@Article{schaid00,
   Author="Schaid, Daniel J.  and Rowland, Charles M.",
   Title="Robust transmission regression models for linkage and association",
   Journal="Genet Epidemiol",
   Volume=19,
   Pages="78-84",
   Year=2000}

@Article{sham97,
   Author="Sham, Pak C.",
   Title="Transmission/disequilibrium tests for multiallelic loci",
   Journal="Am J Hum Genet",
   Volume=61,
   Pages="774-778",
   Year=1997}

@Article{sph97,
   Author="Scott, William K. and Pericak-Vance, Margaret A. and Haines, Jonathan L.",
   Title="Genetic analysis of complex diseases",
   Journal="Science",
   Volume=275,
   Pages="1327",
   Year=1997}

@Article{sun99,
   Author="Sun, Fengzhu and Flanders, W. Dana and Yang, Quanhe and Khoury, Muin J.",
   Title="Transmission disequilibrium test ({TDT}) when only one parent is available: the 1-{TDT}",
   Journal="American Journal of Epidemiology",
   Volume=150,
   Pages="97-104",
   Year=1999}

@Article{Terwilliger92a,
   Author="Terwilliger, J.  D. and Ott, J.",
   Title="A haplotype-based 'haplotype relative risk' approach to detecting allelic associations",
   Journal="Hum Hered",
   Volume=42,
   Pages="337-346",
   Year=1992}

@Article{thomson88,
   Author="Thomson, G.",
   Title="{HLA} disease associations: models for insulin dependent diabetes mellitus and the study of complex human genetic disorders",
   Journal="Ann Rev Genet",
   Volume=22,
   Pages="31-50",
   Year=1988}

@Article{umbach00,
   Author="Umbach, David M. and Weinberg, Clarice R.",
   Title="The use of case-parent to study joint effects of genotype and exposure",
   Journal="Am J Hum Genet",
   Volume=66,
   Pages="251-261",
   Year=2000}

@Article{weinberg98,
   Author="Weinberg, C. R. and Wilcox, A. J. and Lie, R. T.",
   Title="A log-linear approach to case-parent-triad data: assessing effects of disease genes that act either directly or through maternal effects and that mat be subjected to parental imprinting",
   Journal="Am J Hum Genet",
   Volume=62,
   Pages="969-978",
   Year=1998}

@Article{weinberg99a,
   Author="Weinberg, Clarice R.",
   Title="Methods for detection of parent-of-origin effects in genetic studies of case-parents triads",
   Journal="Am J Hum Genet",
   Volume=65,
   Pages="229-235",
   Year=1999}

@Article{weinberg99b,
   Author="Weinberg, C. R.",
   Title="Analysis of genetic studies with partial triads",
   Journal="Am J Hum Genet",
   Volume=64,
   Pages="1186-1193",
   Year=1999}

@Article{wlg01,
   Author="Whelan, Simon  and Li\`{o}, Pietro  and Goldman, Nick",
   Title="Molecular phylogenetics: state-of-the-art methods for looking into the past",
   Journal="Trends in Genetics",
   Volume=17,
   Pages="262-272",
   Year=2001}

@Article{zhao00d,
   Author="Zhao, Hongyu",
   Title="Family-based association studies",
   Journal="Stat Meth Med Res",
   Volume=9,
   Pages="563-587",
   Year=2000}

@Article{jhz99a,
   Author="Zhao, Jing Hua and Sham, Pak Chung and Curtis, David",
   Title="A program for the {M}onte {C}arlo evaluation of significance of the extended transmission/disequilibrium test",
   Journal="Am J Hum Genet",
   Volume=64,
   Pages="1484-1485",
   Year=1999}


%chapter 8

@Article{bb99,
   Author="Brown, P. O. and Botstein, D.",
   Title="Exploring the new world of the genome with {DNA} microarrays",
   Journal="Nat Genet",
   Volume=21,
   Pages="33-37",
   Year=1999}

@Article{cb01,
   Author="Cardon, Lon R.  and Bell, John I.",
   Title="Association study designs for complex diseases",
   Journal="Nature Reviews Genetics",
   Volume=2,
   Pages="91-99",
   Year=2001}

@Article{cw88,
   Author="Chakraborty, R. and Weiss, K. M.",
   Title="Admixture as a tool for finding linked genes and detecting that difference from allelic association between loci",
   Journal="Proc Natl Acad Sci USA",
   Volume=85,
   Pages="9119-9123",
   Year=1988}

@Article{dbcmt99,
   Author="Duggan, D. J. and Bittner, M. and Chen, Y. and Meltzer, P. and Trent, J. M.",
   Title="Expression profiling using c{DNA} microarrrays",
   Journal="Nat Genet",
   Volume=21,
   Pages="10-14",
   Year=1999}

@Article{fg01,
   Author="Fortna, Andrew and Gardiner, Kathleen",
   Title="Genomic sequence analysis tools: a user's guide",
   Journal="Trends in Genetics",
   Volume=17,
   Pages="158-164",
   Year=2001}

@Article{george99,
   Author="George, Varghese and Tiwari, Hemant K. and Zhu, Xiaofeng and Elston, Robert C.",
   Title="A test of transmission/disequilibrium for quantitative traits in pedigree data, by multiple regression",
   Journal="Am J Hum Genet",
   Volume=65,
   Pages="236-245",
   Year=1999}

@Article{jt00,
   Author="Johnson, Gillian C. L. and Todd, John A.",
   Title="Strategies in complex disease mapping",
   Journal="Current Opinion in Genetics and Development",
   Volume=10,
   Pages="330-334",
   Year=2000}

@Article{kn97,
   Author="Krone, Stephen M. and Neuhauser, Claudia",
   Title="Ancestral processes with selection",
   Journal="Theor Popul Biol",
   Volume=51,
   Pages="210-237",
   Year=1997}

@Article{kg99,
   Author="Kwok, Pui-Yan and Gu, Zhijie",
   Title="Single nucleotide polymorphism libraries: why and how are we building them ?",
   Journal="Molecular Medicine Today",
   Volume=5,
   Pages="538-543",
   Year=1999}

@Article{nk97,
   Author="Neuhauser, C. and Krone, S. M.",
   Title="The genealogy of samples in models with selection",
   Journal="Genetics",
   Volume=145,
   Pages="519-534",
   Year=1997}

@Article{ok73,
   Author="Ohta, T. and Kimura, M.",
   Title="A model of mutation appropriate to estimate the number of electrophoretically detectable alleles in a finite population",
   Journal="Genet Res",
   Volume=22,
   Pages="210-204",
   Year=1973}

@Article{Paabo97,
   Author={Laan, Maris  and P\"{a}\"{a}bo, Svante},
   Title="Demographic history and linkage disequilibrium in human populations",
   Journal="Nat Genet",
   Volume=17,
   Pages="435-373",
   Year=1997}

@Article{lg98,
   Author="Pietro, Li\`{o} and Goldman, Nick",
   Title="Models of Molecular Evolution and Phylogeny",
   Journal="Genome Res",
   Volume=8,
   Pages="1233-1244",
   Year=1998}

@Article{ntwc98,
   Author="Nickerson, D. A. and Taylor, S. L. and Weiss, K. M. and Clark, A. G. and Hutchinson, R. G. and Stengard, J. and Salomaa, V. and Vartiainen, E. and Boerwinkle, E. and Sing, C. F.",
   Title="{DNA} sequence in a 9.7-kb region of the human lipoprotein lipase gene",
   Journal="Nat Genet",
   Volume=19,
   Pages="233-240",
   Year=1998}

@Article{seals00,
   Author="Searls, David B",
   Title="Bioinformatics tools for whole genomes",
   Journal="Annual Review of Genomics and Human Genetics",
   Volume=1,
   Pages="251-279",
   Year=2000}

@InCollection{slatkin99,
   Author="Slatkin, Mongomery",
   Title="A coalescent view of population structure",
   BookTitle="Evolutionary Genetics: From Molecules to Morphology",
   Editor="Singh, R. S. and Krimbas, C. B.",
   Publisher="Cambridge University Press",
   Volume={I},
   Pages="418-429",
   Year=1999}

@Article{tbgp97,
   Author="Tavar\'{e}, S. and Balding, D. J. and Griffiths, R. and Donnelly, P.",
   Title="Inferring coalescence times from {DNA} sequence data",
   Journal="Genetics",
   Volume=145,
   Pages="505-518",
   Year=1997}


%appendix

@Article{bennett54,
   Author="Bennett, J. H.",
   Title="On the theory of random mating",
   Journal="Annals of Eugenics",
   Volume=18,
   Pages="311-317",
   Year=1954}

@Article{clayton00,
   Author="Clayton, David",
   Title="Linkage disequilibrium mapping of disease susceptibility genes in human populations",
   Journal="International Statistical Review",
   Volume=68,
   Pages="23-43",
   Year=2000}

@Article{dempster77,
   Author="Dempster, A. P. and Laird, N. and Rubin, D. B.",
   Title="Maximum likelihood from incomplete data via the {EM} algorithm",
   Journal="J Roy Stat Soc B",
   Volume=39,
   Pages="1-38",
   Year=1977}

@Book{fmm77,
   Author="Forsythe, G. E. and Malcolm, M. A. and Moler, C. B.",
   Title="Computer Methods for Mathematical Computations",
   Publisher="Printice-Hall",
   Address="Englewood Cliffs, N.J.",
   Year=1977}

@Article{Geiringer44,
   Author="Geiringer, Hilda",
   Title="On the probability theory of linkage in {M}endelian heredity",
   Journal="Ann Math Stat",
   Volume=15,
   Pages="25-57",
   Year=1944}

@Book{geroge90,
   Author="Casella, George and Berger, Roger L.",
   Title="Statistical Inference",
   Publisher="Wadsworth Inc",
   Address="Belmont, California",
   Year=1990}

@Book{gillespie98,
   Author="Gillespie, John H.",
   Title="Population Genetics: A Concise Guide",
   Publisher="The Johns Hopkins University Press",
   Address="Baltimore and London",
   Year=1998}

@Book{grimmett92,
   Author="Grimmett, G. R. and Stirzaker, D. R.",
   Title="Probability and Random Processes",
   Publisher="Clarendon Press",
   Address="Oxford",
   Edition="Second",
   Year=1992}

@Article{hastings70,
   Author="Hastings, W. K.",
   Title="Monte {C}arlo sampling methods using {M}arkov chains and their applications",
   Journal="Biometrika",
   Volume=57,
   Pages="97-109",
   Year=1970}

@Article{lin93,
   Author="Lin, S. and Thompson, E. A. and Wijsman, E.",
   Title="Achieving irreducibility of the {M}arkov {C}hain {M}onte {C}arlo method applied to pedigree data",
   Journal="IMA Journal of Mathematics Applied in Medicine and Biology",
   Volume=10,
   Pages="1-17",
   Year=1993}

@Article{patnaik49,
   Author="Patnaik, P. B.",
   Title="The non-central $\chi^2$ and F-distributions and their applications",
   Journal="Biometrika",
   Volume=36,
   Pages="202-232",
   Year=1949}

@Article{sheehan93,
   Author="Sheehan, N. and Thomas, A.",
   Title="On the irreducibility of a {M}arkov chain defined on a space of genotype configurations by a sampling scheme",
   Journal="Biometrics",
   Volume=49,
   Pages="163-175",
   Year=1993}

@Article{suarez84,
   Author="Suarez, B. K. and van Eerdewegh, P.",
   Title="A comparison of three affected-sib-pair scoring methods to detect HLA-linked disease susceptibility genes",
   Journal="Am J Med Genet",
   Volume=18,
   Pages="135-146",
   Year=1984}

@InCollection{thompson96,
   Author="Thompson, E. A.",
   Title="Statistical Genetics",
   BookTitle="Advances in Biometry: The last 50 years",
   Editor="Armitage, P. and David, H.",
   Publisher="Wiley",
   Address="New York",
   Pages="263-285",
   Year=1996}

@Article{thompson00b,
   Author="Thompson, E. A.",
   Title="{MCMC} estimation of multi-locus genome sharing and multipoint gene location scores",
   Journal="International Statistical Review",
   Volume=68,
   Pages="53-73",
   Year=2000}

@InCollection{thompson00c,
   Author="Thompson, E. A.",
   Title="Monte {C}arlo methods on genetic structures",
   BookTitle="Complex Stochastic Systems",
   Editor={Barndorff-Nielson, O. E. and Cox, D. R. and Kl\"{u}ppelberg, C.},
   Series="S\'{e}minaire Europ\'{e}an de Statistique",
   Publisher="Chapman and Hall",
   Address="London",
   Pages="179-222",
   Year=2000}

@Article{tps01,
   Author={Tr\'{e}gou\"{e}t, D. A.  and Pallaud, C.  and Sass, C.  and Visvikis, S.  and Tiret, L.},
   Title="Sample size calculations for classical association and {TDT}-type methods using family data",
   Journal="Ann Hum Genet",
   Volume=65,
   Pages="293-312",
   Year=2001}

@article{zs98,
   Author = {Zhao, Jing Hua and Sham, Pak Chung},
   Title = {A method for calculating probability convolution using ternary numbers with application in the determination of twin zygosity.},
   Journal = {Computional Statistics and Data Analysis},
   Volume = {28},
   Pages = {225-232},
   Year = {1998}}

@Article{waller95,
   Author="Waller, Lance A. and Turnbull, Bruce W. and Michael, Hardin J.",
   Title="Obtaining distribution functions by numerical inversion of characteristic functions with applications",
   Journal="The American Statistician",
   Volume=49,
   Number=4,
   Pages="346-350",
   Year=1995}
