@Inbook{carlson2016,
  author="Carlson, Marc R. J. and Pag{\`e}s, Herv{\'e} and Arora, Sonali and Obenchain, Valerie and Morgan, Martin", editor="Math{\'e}, Ewy and Davis, Sean",
  title="Genomic Annotation Resources in {R/Bioconductor}",
  bookTitle="Statistical Genomics: Methods and Protocols",
  year="2016",
  publisher="Springer New York",
  address="New York, NY",
  pages="67--90",
  abstract="Annotation resources make up a significant proportion of the {B}ioconductor project (Huber et al., Nat Methods 12:115--121, 2015). And there are also a diverse set of online resources available which are accessed using specific packages. Here we describe the most popular of these resources and give some high level examples on how to use them.",
  isbn="978-1-4939-3578-9",
  doi="10.1007/978-1-4939-3578-9_4",
  url="https://doi.org/10.1007/978-1-4939-3578-9_4"
}
