@Inbook{carlson16,
  author="Carlson, Marc R. J. and Pag{\`e}s, Herv{\'e} and Arora, Sonali and Obenchain, Valerie and Morgan, Martin", editor="Math{\'e}, Ewy and Davis, Sean",
  title="Genomic Annotation Resources in {R/Bioconductor}",
  bookTitle="Statistical Genomics: Methods and Protocols",
  year="2016",
  publisher="Springer New York",
  address="New York, NY",
  pages="67--90",
  isbn="978-1-4939-3578-9",
  doi="10.1007/978-1-4939-3578-9_4"
}

@article{henry22,
   author = {Henry, Albert and Gordillo-Marañón, María and Finan, Chris and Schmidt, Amand F. and Ferreira, João Pedro and Karra, Ravi and Sundström, Johan and Lind, Lars and Ärnlöv, Johan and Zannad, Faiez and Mälarstig, Anders and Hingorani, Aroon D. and Lumbers, R. Thomas and null, null},
   title = {Therapeutic Targets for Heart Failure Identified Using Proteomics and Mendelian Randomization},
   journal = {Circulation},
   volume = {145},
   number = {16},
   pages = {1205-1217},
   DOI = {10.1161/CIRCULATIONAHA.121.056663},
   year = {2022}
}

@article{kamat19,
   author = {Kamat, M. A. and Blackshaw, J. A. and Young, R. and Surendran, P. and Burgess, S. and Danesh, J. and Butterworth, A. S. and Staley, J. R.},
   title = {PhenoScanner V2: an expanded tool for searching human genotype-phenotype associations},
   journal = {Bioinformatics},
   volume = {35},
   number = {22},
   pages = {4851-4853},
   ISSN = {1367-4803 (Print) 1367-4803},
   DOI = {10.1093/bioinformatics/btz469},
   year = {2019}
}

@software{koster21,
  author       = {Johannes Köster and
                  Jan Forster and
                  Sebastian Schmeier and
                  Vini Salazar and
                  matrs},
  title        = {{snakemake-workflows/rna-seq-star-deseq2: Version 1.2.0}},
  month        = aug,
  year         = 2021,
  publisher    = {Zenodo},
  version      = {v1.2.0},
  doi          = {10.5281/zenodo.5245549}
}

@article{ligthart18,
   author = {Ligthart, S. and Vaez, A. and Võsa, U. and Stathopoulou, M. G. and de Vries, P. S. and Prins, B. P. and Van der Most, P. J. and Tanaka, T. and Naderi, E. and Rose, L. M. and Wu, Y. and Karlsson, R. and Barbalic, M. and Lin, H. and Pool, R. and Zhu, G. and Macé, A. and Sidore, C. and Trompet, S. and Mangino, M. and Sabater-Lleal, M. and Kemp, J. P. and Abbasi, A. and Kacprowski, T. and Verweij, N. and Smith, A. V. and Huang, T. and Marzi, C. and Feitosa, M. F. and Lohman, K. K. and Kleber, M. E. and Milaneschi, Y. and Mueller, C. and Huq, M. and Vlachopoulou, E. and Lyytikäinen, L. P. and Oldmeadow, C. and Deelen, J. and Perola, M. and Zhao, J. H. and Feenstra, B. and Amini, M. and Lahti, J. and Schraut, K. E. and Fornage, M. and Suktitipat, B. and Chen, W. M. and Li, X. and Nutile, T. and Malerba, G. and Luan, J. and Bak, T. and Schork, N. and Del Greco, M. F. and Thiering, E. and Mahajan, A. and Marioni, R. E. and Mihailov, E. and Eriksson, J. and Ozel, A. B. and Zhang, W. and Nethander, M. and Cheng, Y. C. and Aslibekyan, S. and Ang, W. and Gandin, I. and Yengo, L. and Portas, L. and Kooperberg, C. and Hofer, E. and Rajan, K. B. and Schurmann, C. and den Hollander, W. and Ahluwalia, T. S. and Zhao, J. and Draisma, H. H. M. and Ford, I. and Timpson, N. and Teumer, A. and Huang, H. and Wahl, S. and Liu, Y. and Huang, J. and Uh, H. W. and Geller, F. and Joshi, P. K. and Yanek, L. R. and Trabetti, E. and Lehne, B. and Vozzi, D. and Verbanck, M. and Biino, G. and Saba, Y. and Meulenbelt, I. and O'Connell, J. R. and Laakso, M. and Giulianini, F. and Magnusson, P. K. E. and Ballantyne, C. M. and Hottenga, J. J. and others },
   title = {Genome Analyses of >200,000 Individuals Identify 58 Loci for Chronic Inflammation and Highlight Pathways that Link Inflammation and Complex Disorders},
   journal = {Am J Hum Genet},
   volume = {103},
   number = {5},
   pages = {691-706},
   ISSN = {0002-9297 (Print) 0002-9297},
   DOI = {10.1016/j.ajhg.2018.09.009},
   year = {2018}
}

@article{malone10,
   author = {Malone, James and Holloway, Ele and Adamusiak, Tomasz and Kapushesky, Misha and Zheng, Jie and Kolesnikov, Nikolay and Zhukova, Anna and Brazma, Alvis and Parkinson, Helen},
   title = {Modeling sample variables with an Experimental Factor Ontology},
   journal = {Bioinformatics},
   volume = {26},
   number = {8},
   pages = {1112-1118},
   ISSN = {1367-4803},
   DOI = {10.1093/bioinformatics/btq099},
   year = {2010}
}

@inbook{petereit22,
   author = {Petereit, Jakob},
   title = {Pipeline Automation via Snakemake},
   booktitle = {Plant Bioinformatics: Methods and Protocols},
   editor = {Edwards, David},
   publisher = {Springer US},
   address = {New York, NY},
   pages = {181-196},
   ISBN = {978-1-0716-2067-0},
   DOI = {10.1007/978-1-0716-2067-0_9},
   year = {2022},
   type = {Book Section}
}

@article{suhre20,
   author = {Suhre, K. and McCarthy, M. I. and Schwenk, J. M.},
   title = {Genetics meets proteomics: perspectives for large population-based studies},
   journal = {Nat Rev Genet},
   ISSN = {1471-0056},
   DOI = {10.1038/s41576-020-0268-2},
   year = {2020}
}

@article{sun18,
   author = {Sun, B. B. and Maranville, J. C. and Peters, J. E. and Stacey, D. and Staley, J. R. and Blackshaw, J. and Burgess, S. and Jiang, T. and Paige, E. and Surendran, P. and Oliver-Williams, C. and Kamat, M. A. and Prins, B. P. and Wilcox, S. K. and Zimmerman, E. S. and Chi, A. and Bansal, N. and Spain, S. L. and Wood, A. M. and Morrell, N. W. and Bradley, J. R. and Janjic, N. and Roberts, D. J. and Ouwehand, W. H. and Todd, J. A. and Soranzo, N. and Suhre, K. and Paul, D. S. and Fox, C. S. and Plenge, R. M. and Danesh, J. and Runz, H. and Butterworth, A. S.},
   title = {Genomic atlas of the human plasma proteome},
   journal = {Nature},
   volume = {558},
   number = {7708},
   pages = {73-79},
   ISSN = {1476-4687 (Electronic) 0028-0836 (Linking)},
   DOI = {10.1038/s41586-018-0175-2},
   year = {2018}
}
