@InCollection{carlson16,
  booktitle   = {Statistical Genomics-Methods and Protocols},
  editor      = {Fagerberg, Jan and Mowery, David C. and Nelson, Richard R.},
  title       = {Genomic Annotation Resources in R/Bioconductor},
  author      = {Carlson, Marc R.J. and Page`s, HerveÂ´ and Arora, Sonali and Obenchain, Valerie and Morgan, Martin},
  publisher   = {Humana Press},
  address     = {New York},
  year        = {2016},
  pages       = {67-90},
  chapter     = 4
}
