@inbook{dt18,
   author = {Dimou, Niki L. and Tsilidis, Konstantinos K.},
   title = {A Primer in Mendelian Randomization Methodology with a Focus on Utilizing Published Summary Association Data},
   booktitle = {Genetic Epidemiology: Methods and Protocols},
   editor = {Evangelou, Evangelos},
   publisher = {Springer New York},
   address = {New York, NY},
   chapter = {13},
   pages = {211-230},
   ISBN = {978-1-4939-7868-7},
   DOI = {10.1007/978-1-4939-7868-7_13},
   year = {2018},
   type = {Book Section}
}

@article{kerimov21,
   author = {Kerimov, Nurlan and Hayhurst, James D. and Peikova, Kateryna and Manning, Jonathan R. and Walter, Peter and Kolberg, Liis and Samovica, Marija and Sakthivel, Manoj Pandian and Kuzmin, Ivan and Trevanion, Stephen J. and Burdett, Tony and Jupp, Simon and Parkinson, Helen and Papatheodorou, Irene and Yates, Andrew D. and Zerbino, Daniel R. and Alasoo, Kaur},
   title = {A compendium of uniformly processed human gene expression and splicing quantitative trait loci},
   journal = {Nature Genetics},
   volume = {53},
   number = {9},
   pages = {1290-1299},
   ISSN = {1546-1718},
   DOI = {10.1038/s41588-021-00924-w},
   year = {2021}
}

@article{lyon21,
   author = {Lyon, Matthew S. and Andrews, Shea J. and Elsworth, Ben and Gaunt, Tom R. and Hemani, Gibran and Marcora, Edoardo},
   title = {The variant call format provides efficient and robust storage of GWAS summary statistics},
   journal = {Genome Biol},
   volume = {22},
   number = {1},
   pages = {32},
   ISSN = {1474-760X},
   DOI = {10.1186/s13059-020-02248-0},
   year = {2021}
}

@article{zheng20,
   author = {Zheng, J. and Haberland, V. and Baird, D. and Walker, V. and Haycock, P. C. and Hurle, M. R. and Gutteridge, A. and Erola, P. and Liu, Y. and Luo, S. and Robinson, J. and Richardson, T. G. and Staley, J. R. and Elsworth, B. and Burgess, S. and Sun, B. B. and Danesh, J. and Runz, H. and Maranville, J. C. and Martin, H. M. and Yarmolinsky, J. and Laurin, C. and Holmes, M. V. and Liu, J. Z. and Estrada, K. and Santos, R. and McCarthy, L. and Waterworth, D. and Nelson, M. R. and Smith, G. D. and Butterworth, A. S. and Hemani, G. and Scott, R. A. and Gaunt, T. R.},
   title = {Phenome-wide Mendelian randomization mapping the influence of the plasma proteome on complex diseases},
   journal = {Nature Genetics},
   volume = {52},
   number = {10},
   pages = {1122-1131},
   ISSN = {1546-1718},
   DOI = {10.1038/s41588-020-0682-6},
   year = {2020}
}
